%YAML 1.1
%TAG !u! tag:unity3d.com,2011:
--- !u!29 &1
SceneSettings:
  m_ObjectHideFlags: 0
  m_PVSData: 
  m_PVSObjectsArray: []
  m_PVSPortalsArray: []
  m_OcclusionBakeSettings:
    smallestOccluder: 5
    smallestHole: .25
    backfaceThreshold: 100
--- !u!104 &2
RenderSettings:
  m_ObjectHideFlags: 0
  serializedVersion: 6
  m_Fog: 1
  m_FogColor: {r: .110294104, g: .110294104, b: .110294104, a: .0196078438}
  m_FogMode: 3
  m_FogDensity: .100000001
  m_LinearFogStart: 7
  m_LinearFogEnd: 10
  m_AmbientSkyColor: {r: .0514705777, g: .0514705777, b: .0514705777, a: 1}
  m_AmbientEquatorColor: {r: .0514705777, g: .0514705777, b: .0514705777, a: 1}
  m_AmbientGroundColor: {r: .0514705777, g: .0514705777, b: .0514705777, a: 1}
  m_AmbientIntensity: 1
  m_AmbientMode: 3
  m_SkyboxMaterial: {fileID: 0}
  m_HaloStrength: .5
  m_FlareStrength: 1
  m_FlareFadeSpeed: 3
  m_HaloTexture: {fileID: 0}
  m_SpotCookie: {fileID: 10001, guid: 0000000000000000e000000000000000, type: 0}
  m_DefaultReflectionMode: 0
  m_DefaultReflectionResolution: 128
  m_ReflectionBounces: 1
  m_ReflectionIntensity: 1
  m_CustomReflection: {fileID: 0}
  m_Sun: {fileID: 0}
--- !u!127 &3
LevelGameManager:
  m_ObjectHideFlags: 0
--- !u!157 &4
LightmapSettings:
  m_ObjectHideFlags: 0
  serializedVersion: 5
  m_GIWorkflowMode: 1
  m_LightmapsMode: 1
  m_GISettings:
    serializedVersion: 2
    m_BounceScale: 1
    m_IndirectOutputScale: 1
    m_AlbedoBoost: 1
    m_TemporalCoherenceThreshold: 1
    m_EnvironmentLightingMode: 0
    m_EnableBakedLightmaps: 1
    m_EnableRealtimeLightmaps: 0
  m_LightmapEditorSettings:
    serializedVersion: 3
    m_Resolution: 1
    m_BakeResolution: 50
    m_TextureWidth: 1024
    m_TextureHeight: 1024
    m_AOMaxDistance: 1
    m_Padding: 2
    m_CompAOExponent: 0
    m_LightmapParameters: {fileID: 0}
    m_TextureCompression: 0
    m_FinalGather: 0
    m_FinalGatherRayCount: 1024
  m_LightmapSnapshot: {fileID: 0}
  m_RuntimeCPUUsage: 25
--- !u!196 &5
NavMeshSettings:
  serializedVersion: 2
  m_ObjectHideFlags: 0
  m_BuildSettings:
    serializedVersion: 2
    agentRadius: .5
    agentHeight: 2
    agentSlope: 45
    agentClimb: .400000006
    ledgeDropHeight: 0
    maxJumpAcrossDistance: 0
    accuratePlacement: 0
    minRegionArea: 2
    cellSize: .166666657
    manualCellSize: 0
  m_NavMeshData: {fileID: 0}
--- !u!1 &89156958
GameObject:
  m_ObjectHideFlags: 0
  m_PrefabParentObject: {fileID: 108236, guid: cdfb0c2e68813734ea360101a4d9d57d, type: 2}
  m_PrefabInternal: {fileID: 1218559185}
  serializedVersion: 4
  m_Component:
  - 4: {fileID: 89156961}
  - 33: {fileID: 89156960}
  - 23: {fileID: 89156959}
  m_Layer: 0
  m_Name: End_06
  m_TagString: Untagged
  m_Icon: {fileID: 0}
  m_NavMeshLayer: 0
  m_StaticEditorFlags: 0
  m_IsActive: 1
--- !u!23 &89156959
MeshRenderer:
  m_ObjectHideFlags: 0
  m_PrefabParentObject: {fileID: 2308236, guid: cdfb0c2e68813734ea360101a4d9d57d,
    type: 2}
  m_PrefabInternal: {fileID: 1218559185}
  m_GameObject: {fileID: 89156958}
  m_Enabled: 1
  m_CastShadows: 1
  m_ReceiveShadows: 1
  m_Materials:
  - {fileID: 2100000, guid: bb99ed564100d344a82f8b9b6b632bd1, type: 2}
  m_SubsetIndices: 
  m_StaticBatchRoot: {fileID: 0}
  m_UseLightProbes: 0
  m_ReflectionProbeUsage: 1
  m_ProbeAnchor: {fileID: 0}
  m_ScaleInLightmap: 1
  m_PreserveUVs: 0
  m_ImportantGI: 0
  m_AutoUVMaxDistance: .5
  m_AutoUVMaxAngle: 89
  m_LightmapParameters: {fileID: 0}
  m_SortingLayerID: 0
  m_SortingOrder: 0
--- !u!33 &89156960
MeshFilter:
  m_ObjectHideFlags: 0
  m_PrefabParentObject: {fileID: 3308236, guid: cdfb0c2e68813734ea360101a4d9d57d,
    type: 2}
  m_PrefabInternal: {fileID: 1218559185}
  m_GameObject: {fileID: 89156958}
  m_Mesh: {fileID: 4300024, guid: 4f9107ee1fbfa2748bca0c52e53cb086, type: 3}
--- !u!4 &89156961
Transform:
  m_ObjectHideFlags: 0
  m_PrefabParentObject: {fileID: 408236, guid: cdfb0c2e68813734ea360101a4d9d57d, type: 2}
  m_PrefabInternal: {fileID: 1218559185}
  m_GameObject: {fileID: 89156958}
  m_LocalRotation: {x: 0, y: -0, z: -0, w: 1}
  m_LocalPosition: {x: 62.7313576, y: 13.0748987, z: -38.5641022}
  m_LocalScale: {x: 1, y: 1, z: 1}
  m_Children: []
  m_Father: {fileID: 105083886}
  m_RootOrder: 9
--- !u!1 &105083885
GameObject:
  m_ObjectHideFlags: 0
  m_PrefabParentObject: {fileID: 108238, guid: cdfb0c2e68813734ea360101a4d9d57d, type: 2}
  m_PrefabInternal: {fileID: 1218559185}
  serializedVersion: 4
  m_Component:
  - 4: {fileID: 105083886}
  - 95: {fileID: 105083887}
  - 82: {fileID: 105083888}
  m_Layer: 0
  m_Name: Camp_Fire
  m_TagString: Untagged
  m_Icon: {fileID: 0}
  m_NavMeshLayer: 0
  m_StaticEditorFlags: 0
  m_IsActive: 1
--- !u!4 &105083886
Transform:
  m_ObjectHideFlags: 0
  m_PrefabParentObject: {fileID: 408238, guid: cdfb0c2e68813734ea360101a4d9d57d, type: 2}
  m_PrefabInternal: {fileID: 1218559185}
  m_GameObject: {fileID: 105083885}
  m_LocalRotation: {x: 0, y: -0, z: -0, w: 1}
  m_LocalPosition: {x: -0, y: 0, z: 0}
  m_LocalScale: {x: .00999999978, y: .00999999978, z: .00999999978}
  m_Children:
  - {fileID: 1898957912}
  - {fileID: 1331575532}
  - {fileID: 2120046386}
  - {fileID: 426471575}
  - {fileID: 837231554}
  - {fileID: 2052921565}
  - {fileID: 1704944536}
  - {fileID: 1685387335}
  - {fileID: 1460286618}
  - {fileID: 89156961}
  - {fileID: 1757476327}
  - {fileID: 548606164}
  - {fileID: 1551452564}
  - {fileID: 232407553}
  - {fileID: 2088064499}
  - {fileID: 200557340}
  - {fileID: 1909045532}
  - {fileID: 1681935385}
  - {fileID: 2030410063}
  - {fileID: 2133712688}
  - {fileID: 1362528700}
  - {fileID: 598438576}
  - {fileID: 1251412961}
  - {fileID: 938832701}
  - {fileID: 1008760890}
  - {fileID: 298992972}
  - {fileID: 1687267459}
  - {fileID: 1907029369}
  - {fileID: 1976128316}
  - {fileID: 1925535133}
  - {fileID: 1062963948}
  - {fileID: 1499943542}
  m_Father: {fileID: 0}
  m_RootOrder: 2
--- !u!95 &105083887
Animator:
  serializedVersion: 3
  m_ObjectHideFlags: 0
  m_PrefabParentObject: {fileID: 9508236, guid: cdfb0c2e68813734ea360101a4d9d57d,
    type: 2}
  m_PrefabInternal: {fileID: 1218559185}
  m_GameObject: {fileID: 105083885}
  m_Enabled: 1
  m_Avatar: {fileID: 9000000, guid: 4f9107ee1fbfa2748bca0c52e53cb086, type: 3}
  m_Controller: {fileID: 0}
  m_CullingMode: 0
  m_UpdateMode: 0
  m_ApplyRootMotion: 1
  m_LinearVelocityBlending: 0
  m_WarningMessage: 
  m_HasTransformHierarchy: 1
  m_AllowConstantClipSamplingOptimization: 1
--- !u!82 &105083888
AudioSource:
  m_ObjectHideFlags: 0
  m_PrefabParentObject: {fileID: 8208236, guid: cdfb0c2e68813734ea360101a4d9d57d,
    type: 2}
  m_PrefabInternal: {fileID: 1218559185}
  m_GameObject: {fileID: 105083885}
  m_Enabled: 1
  serializedVersion: 4
  OutputAudioMixerGroup: {fileID: 0}
  m_audioClip: {fileID: 8300000, guid: ecb9e38f42817334196c884da893888d, type: 3}
  m_PlayOnAwake: 1
  m_Volume: 1
  m_Pitch: 1
  Loop: 1
  Mute: 0
  Priority: 128
  DopplerLevel: 1
  MinDistance: 1
  MaxDistance: 500
  Pan2D: 0
  rolloffMode: 0
  BypassEffects: 0
  BypassListenerEffects: 0
  BypassReverbZones: 0
  rolloffCustomCurve:
    serializedVersion: 2
    m_Curve:
    - time: 0
      value: 1
      inSlope: 0
      outSlope: 0
      tangentMode: 0
    - time: 1
      value: 0
      inSlope: 0
      outSlope: 0
      tangentMode: 0
    m_PreInfinity: 2
    m_PostInfinity: 2
  panLevelCustomCurve:
    serializedVersion: 2
    m_Curve:
    - time: 0
      value: 1
      inSlope: 0
      outSlope: 0
      tangentMode: 0
    m_PreInfinity: 2
    m_PostInfinity: 2
  spreadCustomCurve:
    serializedVersion: 2
    m_Curve:
    - time: 0
      value: 0
      inSlope: 0
      outSlope: 0
      tangentMode: 0
    m_PreInfinity: 2
    m_PostInfinity: 2
  reverbZoneMixCustomCurve:
    serializedVersion: 2
    m_Curve:
    - time: 0
      value: 1
      inSlope: 0
      outSlope: 0
      tangentMode: 0
    m_PreInfinity: 2
    m_PostInfinity: 2
--- !u!1 &200557339
GameObject:
  m_ObjectHideFlags: 0
  m_PrefabParentObject: {fileID: 108240, guid: cdfb0c2e68813734ea360101a4d9d57d, type: 2}
  m_PrefabInternal: {fileID: 1218559185}
  serializedVersion: 4
  m_Component:
  - 4: {fileID: 200557340}
  - 33: {fileID: 200557342}
  - 23: {fileID: 200557341}
  m_Layer: 0
  m_Name: Logs_01
  m_TagString: Untagged
  m_Icon: {fileID: 0}
  m_NavMeshLayer: 0
  m_StaticEditorFlags: 0
  m_IsActive: 1
--- !u!4 &200557340
Transform:
  m_ObjectHideFlags: 0
  m_PrefabParentObject: {fileID: 408240, guid: cdfb0c2e68813734ea360101a4d9d57d, type: 2}
  m_PrefabInternal: {fileID: 1218559185}
  m_GameObject: {fileID: 200557339}
  m_LocalRotation: {x: 0, y: -0, z: -0, w: 1}
  m_LocalPosition: {x: -4.36807156, y: 22.0484962, z: -22.3994446}
  m_LocalScale: {x: 1, y: 1, z: 1}
  m_Children: []
  m_Father: {fileID: 105083886}
  m_RootOrder: 15
--- !u!23 &200557341
MeshRenderer:
  m_ObjectHideFlags: 0
  m_PrefabParentObject: {fileID: 2308238, guid: cdfb0c2e68813734ea360101a4d9d57d,
    type: 2}
  m_PrefabInternal: {fileID: 1218559185}
  m_GameObject: {fileID: 200557339}
  m_Enabled: 1
  m_CastShadows: 1
  m_ReceiveShadows: 1
  m_Materials:
  - {fileID: 2100000, guid: b2954053af3d7c344add1c33e4e150bb, type: 2}
  - {fileID: 2100000, guid: 9d883f4cc4225144d83b526f66d1aa3b, type: 2}
  m_SubsetIndices: 
  m_StaticBatchRoot: {fileID: 0}
  m_UseLightProbes: 0
  m_ReflectionProbeUsage: 1
  m_ProbeAnchor: {fileID: 0}
  m_ScaleInLightmap: 1
  m_PreserveUVs: 0
  m_ImportantGI: 0
  m_AutoUVMaxDistance: .5
  m_AutoUVMaxAngle: 89
  m_LightmapParameters: {fileID: 0}
  m_SortingLayerID: 0
  m_SortingOrder: 0
--- !u!33 &200557342
MeshFilter:
  m_ObjectHideFlags: 0
  m_PrefabParentObject: {fileID: 3308238, guid: cdfb0c2e68813734ea360101a4d9d57d,
    type: 2}
  m_PrefabInternal: {fileID: 1218559185}
  m_GameObject: {fileID: 200557339}
  m_Mesh: {fileID: 4300002, guid: 4f9107ee1fbfa2748bca0c52e53cb086, type: 3}
--- !u!1 &232407552
GameObject:
  m_ObjectHideFlags: 0
  m_PrefabParentObject: {fileID: 108242, guid: cdfb0c2e68813734ea360101a4d9d57d, type: 2}
  m_PrefabInternal: {fileID: 1218559185}
  serializedVersion: 4
  m_Component:
  - 4: {fileID: 232407553}
  - 33: {fileID: 232407555}
  - 23: {fileID: 232407554}
  m_Layer: 0
  m_Name: End_010
  m_TagString: Untagged
  m_Icon: {fileID: 0}
  m_NavMeshLayer: 0
  m_StaticEditorFlags: 0
  m_IsActive: 1
--- !u!4 &232407553
Transform:
  m_ObjectHideFlags: 0
  m_PrefabParentObject: {fileID: 408242, guid: cdfb0c2e68813734ea360101a4d9d57d, type: 2}
  m_PrefabInternal: {fileID: 1218559185}
  m_GameObject: {fileID: 232407552}
  m_LocalRotation: {x: 0, y: -0, z: -0, w: 1}
  m_LocalPosition: {x: -55.7117729, y: 18.0729408, z: -4.36358261}
  m_LocalScale: {x: 1, y: 1, z: 1}
  m_Children: []
  m_Father: {fileID: 105083886}
  m_RootOrder: 13
--- !u!23 &232407554
MeshRenderer:
  m_ObjectHideFlags: 0
  m_PrefabParentObject: {fileID: 2308240, guid: cdfb0c2e68813734ea360101a4d9d57d,
    type: 2}
  m_PrefabInternal: {fileID: 1218559185}
  m_GameObject: {fileID: 232407552}
  m_Enabled: 1
  m_CastShadows: 1
  m_ReceiveShadows: 1
  m_Materials:
  - {fileID: 2100000, guid: bb99ed564100d344a82f8b9b6b632bd1, type: 2}
  m_SubsetIndices: 
  m_StaticBatchRoot: {fileID: 0}
  m_UseLightProbes: 0
  m_ReflectionProbeUsage: 1
  m_ProbeAnchor: {fileID: 0}
  m_ScaleInLightmap: 1
  m_PreserveUVs: 0
  m_ImportantGI: 0
  m_AutoUVMaxDistance: .5
  m_AutoUVMaxAngle: 89
  m_LightmapParameters: {fileID: 0}
  m_SortingLayerID: 0
  m_SortingOrder: 0
--- !u!33 &232407555
MeshFilter:
  m_ObjectHideFlags: 0
  m_PrefabParentObject: {fileID: 3308240, guid: cdfb0c2e68813734ea360101a4d9d57d,
    type: 2}
  m_PrefabInternal: {fileID: 1218559185}
  m_GameObject: {fileID: 232407552}
  m_Mesh: {fileID: 4300032, guid: 4f9107ee1fbfa2748bca0c52e53cb086, type: 3}
--- !u!1 &298992971
GameObject:
  m_ObjectHideFlags: 0
  m_PrefabParentObject: {fileID: 108244, guid: cdfb0c2e68813734ea360101a4d9d57d, type: 2}
  m_PrefabInternal: {fileID: 1218559185}
  serializedVersion: 4
  m_Component:
  - 4: {fileID: 298992972}
  - 33: {fileID: 298992974}
  - 23: {fileID: 298992973}
  - 114: {fileID: 298992975}
  m_Layer: 0
  m_Name: Sparks_05
  m_TagString: Untagged
  m_Icon: {fileID: 0}
  m_NavMeshLayer: 0
  m_StaticEditorFlags: 0
  m_IsActive: 1
--- !u!4 &298992972
Transform:
  m_ObjectHideFlags: 0
  m_PrefabParentObject: {fileID: 408244, guid: cdfb0c2e68813734ea360101a4d9d57d, type: 2}
  m_PrefabInternal: {fileID: 1218559185}
  m_GameObject: {fileID: 298992971}
  m_LocalRotation: {x: .68256557, y: .68256557, z: .184673429, w: -.184673429}
  m_LocalPosition: {x: 34.0574455, y: 26.1631527, z: 11.9097195}
  m_LocalScale: {x: .0523154028, y: .0523153991, z: .0523154028}
  m_Children: []
  m_Father: {fileID: 105083886}
  m_RootOrder: 25
--- !u!23 &298992973
MeshRenderer:
  m_ObjectHideFlags: 0
  m_PrefabParentObject: {fileID: 2308242, guid: cdfb0c2e68813734ea360101a4d9d57d,
    type: 2}
  m_PrefabInternal: {fileID: 1218559185}
  m_GameObject: {fileID: 298992971}
  m_Enabled: 1
  m_CastShadows: 1
  m_ReceiveShadows: 1
  m_Materials:
  - {fileID: 2100000, guid: e7de411fc05584c4188007e3cecc4406, type: 2}
  m_SubsetIndices: 
  m_StaticBatchRoot: {fileID: 0}
  m_UseLightProbes: 0
  m_ReflectionProbeUsage: 1
  m_ProbeAnchor: {fileID: 0}
  m_ScaleInLightmap: 1
  m_PreserveUVs: 0
  m_ImportantGI: 0
  m_AutoUVMaxDistance: .5
  m_AutoUVMaxAngle: 89
  m_LightmapParameters: {fileID: 0}
  m_SortingLayerID: 0
  m_SortingOrder: 0
--- !u!33 &298992974
MeshFilter:
  m_ObjectHideFlags: 0
  m_PrefabParentObject: {fileID: 3308242, guid: cdfb0c2e68813734ea360101a4d9d57d,
    type: 2}
  m_PrefabInternal: {fileID: 1218559185}
  m_GameObject: {fileID: 298992971}
  m_Mesh: {fileID: 4300082, guid: 4f9107ee1fbfa2748bca0c52e53cb086, type: 3}
--- !u!114 &298992975
MonoBehaviour:
  m_ObjectHideFlags: 0
  m_PrefabParentObject: {fileID: 11408236, guid: cdfb0c2e68813734ea360101a4d9d57d,
    type: 2}
  m_PrefabInternal: {fileID: 1218559185}
  m_GameObject: {fileID: 298992971}
  m_Enabled: 1
  m_EditorHideFlags: 0
  m_Script: {fileID: 11500000, guid: b1f52eda4d92a3144b056e67fedf326e, type: 3}
  m_Name: 
  m_EditorClassIdentifier: 
  scrollSpeed_X: .300000012
  scrollSpeed_Y: 0
--- !u!1 &426471574
GameObject:
  m_ObjectHideFlags: 0
  m_PrefabParentObject: {fileID: 108246, guid: cdfb0c2e68813734ea360101a4d9d57d, type: 2}
  m_PrefabInternal: {fileID: 1218559185}
  serializedVersion: 4
  m_Component:
  - 4: {fileID: 426471575}
  - 33: {fileID: 426471577}
  - 23: {fileID: 426471576}
  m_Layer: 0
  m_Name: Embers
  m_TagString: Untagged
  m_Icon: {fileID: 0}
  m_NavMeshLayer: 0
  m_StaticEditorFlags: 0
  m_IsActive: 1
--- !u!4 &426471575
Transform:
  m_ObjectHideFlags: 0
  m_PrefabParentObject: {fileID: 408246, guid: cdfb0c2e68813734ea360101a4d9d57d, type: 2}
  m_PrefabInternal: {fileID: 1218559185}
  m_GameObject: {fileID: 426471574}
  m_LocalRotation: {x: 0, y: 0, z: 0, w: 1}
  m_LocalPosition: {x: 0, y: 0, z: 0}
  m_LocalScale: {x: 1.10753226, y: 1.10753226, z: 1.10753226}
  m_Children: []
  m_Father: {fileID: 105083886}
  m_RootOrder: 3
--- !u!23 &426471576
MeshRenderer:
  m_ObjectHideFlags: 0
  m_PrefabParentObject: {fileID: 2308244, guid: cdfb0c2e68813734ea360101a4d9d57d,
    type: 2}
  m_PrefabInternal: {fileID: 1218559185}
  m_GameObject: {fileID: 426471574}
  m_Enabled: 1
  m_CastShadows: 1
  m_ReceiveShadows: 1
  m_Materials:
  - {fileID: 2100000, guid: d156677355bab2f4f960560a00183c30, type: 2}
  m_SubsetIndices: 
  m_StaticBatchRoot: {fileID: 0}
  m_UseLightProbes: 0
  m_ReflectionProbeUsage: 1
  m_ProbeAnchor: {fileID: 0}
  m_ScaleInLightmap: 1
  m_PreserveUVs: 0
  m_ImportantGI: 0
  m_AutoUVMaxDistance: .5
  m_AutoUVMaxAngle: 89
  m_LightmapParameters: {fileID: 0}
  m_SortingLayerID: 0
  m_SortingOrder: 0
--- !u!33 &426471577
MeshFilter:
  m_ObjectHideFlags: 0
  m_PrefabParentObject: {fileID: 3308244, guid: cdfb0c2e68813734ea360101a4d9d57d,
    type: 2}
  m_PrefabInternal: {fileID: 1218559185}
  m_GameObject: {fileID: 426471574}
  m_Mesh: {fileID: 4300000, guid: 4f9107ee1fbfa2748bca0c52e53cb086, type: 3}
--- !u!1 &548606163
GameObject:
  m_ObjectHideFlags: 0
  m_PrefabParentObject: {fileID: 108248, guid: cdfb0c2e68813734ea360101a4d9d57d, type: 2}
  m_PrefabInternal: {fileID: 1218559185}
  serializedVersion: 4
  m_Component:
  - 4: {fileID: 548606164}
  - 33: {fileID: 548606166}
  - 23: {fileID: 548606165}
  m_Layer: 0
  m_Name: End_08
  m_TagString: Untagged
  m_Icon: {fileID: 0}
  m_NavMeshLayer: 0
  m_StaticEditorFlags: 0
  m_IsActive: 1
--- !u!4 &548606164
Transform:
  m_ObjectHideFlags: 0
  m_PrefabParentObject: {fileID: 408248, guid: cdfb0c2e68813734ea360101a4d9d57d, type: 2}
  m_PrefabInternal: {fileID: 1218559185}
  m_GameObject: {fileID: 548606163}
  m_LocalRotation: {x: 0, y: -0, z: -0, w: 1}
  m_LocalPosition: {x: -4.36807156, y: 22.0484962, z: -22.3994446}
  m_LocalScale: {x: 1, y: 1, z: 1}
  m_Children: []
  m_Father: {fileID: 105083886}
  m_RootOrder: 11
--- !u!23 &548606165
MeshRenderer:
  m_ObjectHideFlags: 0
  m_PrefabParentObject: {fileID: 2308246, guid: cdfb0c2e68813734ea360101a4d9d57d,
    type: 2}
  m_PrefabInternal: {fileID: 1218559185}
  m_GameObject: {fileID: 548606163}
  m_Enabled: 1
  m_CastShadows: 1
  m_ReceiveShadows: 1
  m_Materials:
  - {fileID: 2100000, guid: bb99ed564100d344a82f8b9b6b632bd1, type: 2}
  m_SubsetIndices: 
  m_StaticBatchRoot: {fileID: 0}
  m_UseLightProbes: 0
  m_ReflectionProbeUsage: 1
  m_ProbeAnchor: {fileID: 0}
  m_ScaleInLightmap: 1
  m_PreserveUVs: 0
  m_ImportantGI: 0
  m_AutoUVMaxDistance: .5
  m_AutoUVMaxAngle: 89
  m_LightmapParameters: {fileID: 0}
  m_SortingLayerID: 0
  m_SortingOrder: 0
--- !u!33 &548606166
MeshFilter:
  m_ObjectHideFlags: 0
  m_PrefabParentObject: {fileID: 3308246, guid: cdfb0c2e68813734ea360101a4d9d57d,
    type: 2}
  m_PrefabInternal: {fileID: 1218559185}
  m_GameObject: {fileID: 548606163}
  m_Mesh: {fileID: 4300028, guid: 4f9107ee1fbfa2748bca0c52e53cb086, type: 3}
--- !u!1 &598438575
GameObject:
  m_ObjectHideFlags: 0
  m_PrefabParentObject: {fileID: 108250, guid: cdfb0c2e68813734ea360101a4d9d57d, type: 2}
  m_PrefabInternal: {fileID: 1218559185}
  serializedVersion: 4
  m_Component:
  - 4: {fileID: 598438576}
  - 33: {fileID: 598438578}
  - 23: {fileID: 598438577}
  - 114: {fileID: 598438579}
  m_Layer: 0
  m_Name: Sparks_013
  m_TagString: Untagged
  m_Icon: {fileID: 0}
  m_NavMeshLayer: 0
  m_StaticEditorFlags: 0
  m_IsActive: 1
--- !u!4 &598438576
Transform:
  m_ObjectHideFlags: 0
  m_PrefabParentObject: {fileID: 408250, guid: cdfb0c2e68813734ea360101a4d9d57d, type: 2}
  m_PrefabInternal: {fileID: 1218559185}
  m_GameObject: {fileID: 598438575}
  m_LocalRotation: {x: -.295791298, y: -.40550229, z: .579282224, w: .642267466}
  m_LocalPosition: {x: -.246327162, y: 40.2288513, z: -16.4480782}
  m_LocalScale: {x: .0762892738, y: .0762892812, z: .0762892812}
  m_Children: []
  m_Father: {fileID: 105083886}
  m_RootOrder: 21
--- !u!23 &598438577
MeshRenderer:
  m_ObjectHideFlags: 0
  m_PrefabParentObject: {fileID: 2308248, guid: cdfb0c2e68813734ea360101a4d9d57d,
    type: 2}
  m_PrefabInternal: {fileID: 1218559185}
  m_GameObject: {fileID: 598438575}
  m_Enabled: 1
  m_CastShadows: 1
  m_ReceiveShadows: 1
  m_Materials:
  - {fileID: 2100000, guid: e7de411fc05584c4188007e3cecc4406, type: 2}
  m_SubsetIndices: 
  m_StaticBatchRoot: {fileID: 0}
  m_UseLightProbes: 0
  m_ReflectionProbeUsage: 1
  m_ProbeAnchor: {fileID: 0}
  m_ScaleInLightmap: 1
  m_PreserveUVs: 0
  m_ImportantGI: 0
  m_AutoUVMaxDistance: .5
  m_AutoUVMaxAngle: 89
  m_LightmapParameters: {fileID: 0}
  m_SortingLayerID: 0
  m_SortingOrder: 0
--- !u!33 &598438578
MeshFilter:
  m_ObjectHideFlags: 0
  m_PrefabParentObject: {fileID: 3308248, guid: cdfb0c2e68813734ea360101a4d9d57d,
    type: 2}
  m_PrefabInternal: {fileID: 1218559185}
  m_GameObject: {fileID: 598438575}
  m_Mesh: {fileID: 4300098, guid: 4f9107ee1fbfa2748bca0c52e53cb086, type: 3}
--- !u!114 &598438579
MonoBehaviour:
  m_ObjectHideFlags: 0
  m_PrefabParentObject: {fileID: 11408238, guid: cdfb0c2e68813734ea360101a4d9d57d,
    type: 2}
  m_PrefabInternal: {fileID: 1218559185}
  m_GameObject: {fileID: 598438575}
  m_Enabled: 1
  m_EditorHideFlags: 0
  m_Script: {fileID: 11500000, guid: b1f52eda4d92a3144b056e67fedf326e, type: 3}
  m_Name: 
  m_EditorClassIdentifier: 
  scrollSpeed_X: .300000012
  scrollSpeed_Y: 0
--- !u!1 &837231553
GameObject:
  m_ObjectHideFlags: 0
  m_PrefabParentObject: {fileID: 108252, guid: cdfb0c2e68813734ea360101a4d9d57d, type: 2}
  m_PrefabInternal: {fileID: 1218559185}
  serializedVersion: 4
  m_Component:
  - 4: {fileID: 837231554}
  - 33: {fileID: 837231556}
  - 23: {fileID: 837231555}
  - 82: {fileID: 837231557}
  m_Layer: 0
  m_Name: End_01
  m_TagString: Untagged
  m_Icon: {fileID: 0}
  m_NavMeshLayer: 0
  m_StaticEditorFlags: 0
  m_IsActive: 1
--- !u!4 &837231554
Transform:
  m_ObjectHideFlags: 0
  m_PrefabParentObject: {fileID: 408252, guid: cdfb0c2e68813734ea360101a4d9d57d, type: 2}
  m_PrefabInternal: {fileID: 1218559185}
  m_GameObject: {fileID: 837231553}
  m_LocalRotation: {x: 0, y: -0, z: -0, w: 1}
  m_LocalPosition: {x: 55.3066597, y: 21.9074078, z: 24.1454144}
  m_LocalScale: {x: 1, y: 1, z: 1}
  m_Children: []
  m_Father: {fileID: 105083886}
  m_RootOrder: 4
--- !u!23 &837231555
MeshRenderer:
  m_ObjectHideFlags: 0
  m_PrefabParentObject: {fileID: 2308250, guid: cdfb0c2e68813734ea360101a4d9d57d,
    type: 2}
  m_PrefabInternal: {fileID: 1218559185}
  m_GameObject: {fileID: 837231553}
  m_Enabled: 1
  m_CastShadows: 1
  m_ReceiveShadows: 1
  m_Materials:
  - {fileID: 2100000, guid: 2a4e60c0d349b554b8c58b5c68d71ef5, type: 2}
  m_SubsetIndices: 
  m_StaticBatchRoot: {fileID: 0}
  m_UseLightProbes: 0
  m_ReflectionProbeUsage: 1
  m_ProbeAnchor: {fileID: 0}
  m_ScaleInLightmap: 1
  m_PreserveUVs: 0
  m_ImportantGI: 0
  m_AutoUVMaxDistance: .5
  m_AutoUVMaxAngle: 89
  m_LightmapParameters: {fileID: 0}
  m_SortingLayerID: 0
  m_SortingOrder: 0
--- !u!33 &837231556
MeshFilter:
  m_ObjectHideFlags: 0
  m_PrefabParentObject: {fileID: 3308250, guid: cdfb0c2e68813734ea360101a4d9d57d,
    type: 2}
  m_PrefabInternal: {fileID: 1218559185}
  m_GameObject: {fileID: 837231553}
  m_Mesh: {fileID: 4300014, guid: 4f9107ee1fbfa2748bca0c52e53cb086, type: 3}
--- !u!82 &837231557
AudioSource:
  m_ObjectHideFlags: 0
  m_PrefabParentObject: {fileID: 8208238, guid: cdfb0c2e68813734ea360101a4d9d57d,
    type: 2}
  m_PrefabInternal: {fileID: 1218559185}
  m_GameObject: {fileID: 837231553}
  m_Enabled: 1
  serializedVersion: 4
  OutputAudioMixerGroup: {fileID: 0}
  m_audioClip: {fileID: 8300000, guid: ecb9e38f42817334196c884da893888d, type: 3}
  m_PlayOnAwake: 1
  m_Volume: 1
  m_Pitch: 1
  Loop: 1
  Mute: 0
  Priority: 128
  DopplerLevel: 1
  MinDistance: 1
  MaxDistance: 500
  Pan2D: 0
  rolloffMode: 0
  BypassEffects: 0
  BypassListenerEffects: 0
  BypassReverbZones: 0
  rolloffCustomCurve:
    serializedVersion: 2
    m_Curve:
    - time: 0
      value: 1
      inSlope: 0
      outSlope: 0
      tangentMode: 0
    - time: 1
      value: 0
      inSlope: 0
      outSlope: 0
      tangentMode: 0
    m_PreInfinity: 2
    m_PostInfinity: 2
  panLevelCustomCurve:
    serializedVersion: 2
    m_Curve:
    - time: 0
      value: 1
      inSlope: 0
      outSlope: 0
      tangentMode: 0
    m_PreInfinity: 2
    m_PostInfinity: 2
  spreadCustomCurve:
    serializedVersion: 2
    m_Curve:
    - time: 0
      value: 0
      inSlope: 0
      outSlope: 0
      tangentMode: 0
    m_PreInfinity: 2
    m_PostInfinity: 2
  reverbZoneMixCustomCurve:
    serializedVersion: 2
    m_Curve:
    - time: 0
      value: 1
      inSlope: 0
      outSlope: 0
      tangentMode: 0
    m_PreInfinity: 2
    m_PostInfinity: 2
--- !u!1 &938832700
GameObject:
  m_ObjectHideFlags: 0
  m_PrefabParentObject: {fileID: 108254, guid: cdfb0c2e68813734ea360101a4d9d57d, type: 2}
  m_PrefabInternal: {fileID: 1218559185}
  serializedVersion: 4
  m_Component:
  - 4: {fileID: 938832701}
  - 33: {fileID: 938832703}
  - 23: {fileID: 938832702}
  - 114: {fileID: 938832704}
  m_Layer: 0
  m_Name: Sparks_03
  m_TagString: Untagged
  m_Icon: {fileID: 0}
  m_NavMeshLayer: 0
  m_StaticEditorFlags: 0
  m_IsActive: 1
--- !u!4 &938832701
Transform:
  m_ObjectHideFlags: 0
  m_PrefabParentObject: {fileID: 408254, guid: cdfb0c2e68813734ea360101a4d9d57d, type: 2}
  m_PrefabInternal: {fileID: 1218559185}
  m_GameObject: {fileID: 938832700}
  m_LocalRotation: {x: .658947587, y: .658947587, z: -.25649184, w: .25649184}
  m_LocalPosition: {x: -.246327162, y: 26.1631527, z: -16.4480782}
  m_LocalScale: {x: .0762892812, y: .0762892812, z: .0762892812}
  m_Children: []
  m_Father: {fileID: 105083886}
  m_RootOrder: 23
--- !u!23 &938832702
MeshRenderer:
  m_ObjectHideFlags: 0
  m_PrefabParentObject: {fileID: 2308252, guid: cdfb0c2e68813734ea360101a4d9d57d,
    type: 2}
  m_PrefabInternal: {fileID: 1218559185}
  m_GameObject: {fileID: 938832700}
  m_Enabled: 1
  m_CastShadows: 1
  m_ReceiveShadows: 1
  m_Materials:
  - {fileID: 2100000, guid: e7de411fc05584c4188007e3cecc4406, type: 2}
  m_SubsetIndices: 
  m_StaticBatchRoot: {fileID: 0}
  m_UseLightProbes: 0
  m_ReflectionProbeUsage: 1
  m_ProbeAnchor: {fileID: 0}
  m_ScaleInLightmap: 1
  m_PreserveUVs: 0
  m_ImportantGI: 0
  m_AutoUVMaxDistance: .5
  m_AutoUVMaxAngle: 89
  m_LightmapParameters: {fileID: 0}
  m_SortingLayerID: 0
  m_SortingOrder: 0
--- !u!33 &938832703
MeshFilter:
  m_ObjectHideFlags: 0
  m_PrefabParentObject: {fileID: 3308252, guid: cdfb0c2e68813734ea360101a4d9d57d,
    type: 2}
  m_PrefabInternal: {fileID: 1218559185}
  m_GameObject: {fileID: 938832700}
  m_Mesh: {fileID: 4300078, guid: 4f9107ee1fbfa2748bca0c52e53cb086, type: 3}
--- !u!114 &938832704
MonoBehaviour:
  m_ObjectHideFlags: 0
  m_PrefabParentObject: {fileID: 11408240, guid: cdfb0c2e68813734ea360101a4d9d57d,
    type: 2}
  m_PrefabInternal: {fileID: 1218559185}
  m_GameObject: {fileID: 938832700}
  m_Enabled: 1
  m_EditorHideFlags: 0
  m_Script: {fileID: 11500000, guid: b1f52eda4d92a3144b056e67fedf326e, type: 3}
  m_Name: 
  m_EditorClassIdentifier: 
  scrollSpeed_X: .300000012
  scrollSpeed_Y: 0
--- !u!1 &975849138
GameObject:
  m_ObjectHideFlags: 0
  m_PrefabParentObject: {fileID: 0}
  m_PrefabInternal: {fileID: 0}
  serializedVersion: 4
  m_Component:
  - 4: {fileID: 975849140}
  - 108: {fileID: 975849139}
  m_Layer: 0
  m_Name: Moonlight
  m_TagString: Untagged
  m_Icon: {fileID: 0}
  m_NavMeshLayer: 0
  m_StaticEditorFlags: 0
  m_IsActive: 1
--- !u!108 &975849139
Light:
  m_ObjectHideFlags: 0
  m_PrefabParentObject: {fileID: 0}
  m_PrefabInternal: {fileID: 0}
  m_GameObject: {fileID: 975849138}
  m_Enabled: 1
  serializedVersion: 6
  m_Type: 1
  m_Color: {r: .472534597, g: .657439411, b: .845588207, a: 1}
  m_Intensity: .300000012
  m_Range: 10
  m_SpotAngle: 30
  m_CookieSize: 10
  m_Shadows:
    m_Type: 0
    m_Resolution: -1
    m_Strength: .333000004
    m_Bias: .0500000007
    m_NormalBias: .400000006
  m_Cookie: {fileID: 0}
  m_DrawHalo: 0
  m_Flare: {fileID: 0}
  m_RenderMode: 0
  m_CullingMask:
    serializedVersion: 2
    m_Bits: 4294967295
  m_Lightmapping: 1
  m_BounceIntensity: 1
  m_ShadowRadius: 0
  m_ShadowAngle: 0
  m_AreaSize: {x: 1, y: 1}
--- !u!4 &975849140
Transform:
  m_ObjectHideFlags: 0
  m_PrefabParentObject: {fileID: 0}
  m_PrefabInternal: {fileID: 0}
  m_GameObject: {fileID: 975849138}
  m_LocalRotation: {x: .321729571, y: -.37712127, z: .036710199, w: .867710769}
  m_LocalPosition: {x: .523000002, y: 1.24000001, z: -.924999952}
  m_LocalScale: {x: 1, y: 1, z: 1}
  m_Children: []
  m_Father: {fileID: 0}
  m_RootOrder: 0
--- !u!1 &1008760889
GameObject:
  m_ObjectHideFlags: 0
  m_PrefabParentObject: {fileID: 108256, guid: cdfb0c2e68813734ea360101a4d9d57d, type: 2}
  m_PrefabInternal: {fileID: 1218559185}
  serializedVersion: 4
  m_Component:
  - 4: {fileID: 1008760890}
  - 33: {fileID: 1008760892}
  - 23: {fileID: 1008760891}
  - 114: {fileID: 1008760893}
  m_Layer: 0
  m_Name: Sparks_04
  m_TagString: Untagged
  m_Icon: {fileID: 0}
  m_NavMeshLayer: 0
  m_StaticEditorFlags: 0
  m_IsActive: 1
--- !u!4 &1008760890
Transform:
  m_ObjectHideFlags: 0
  m_PrefabParentObject: {fileID: 408256, guid: cdfb0c2e68813734ea360101a4d9d57d, type: 2}
  m_PrefabInternal: {fileID: 1218559185}
  m_GameObject: {fileID: 1008760889}
  m_LocalRotation: {x: .68256557, y: .68256557, z: .184673429, w: -.184673429}
  m_LocalPosition: {x: 34.0574455, y: 26.1631527, z: 11.9097195}
  m_LocalScale: {x: .0523154028, y: .0523153991, z: .0523154028}
  m_Children: []
  m_Father: {fileID: 105083886}
  m_RootOrder: 24
--- !u!23 &1008760891
MeshRenderer:
  m_ObjectHideFlags: 0
  m_PrefabParentObject: {fileID: 2308254, guid: cdfb0c2e68813734ea360101a4d9d57d,
    type: 2}
  m_PrefabInternal: {fileID: 1218559185}
  m_GameObject: {fileID: 1008760889}
  m_Enabled: 1
  m_CastShadows: 1
  m_ReceiveShadows: 1
  m_Materials:
  - {fileID: 2100000, guid: e7de411fc05584c4188007e3cecc4406, type: 2}
  m_SubsetIndices: 
  m_StaticBatchRoot: {fileID: 0}
  m_UseLightProbes: 0
  m_ReflectionProbeUsage: 1
  m_ProbeAnchor: {fileID: 0}
  m_ScaleInLightmap: 1
  m_PreserveUVs: 0
  m_ImportantGI: 0
  m_AutoUVMaxDistance: .5
  m_AutoUVMaxAngle: 89
  m_LightmapParameters: {fileID: 0}
  m_SortingLayerID: 0
  m_SortingOrder: 0
--- !u!33 &1008760892
MeshFilter:
  m_ObjectHideFlags: 0
  m_PrefabParentObject: {fileID: 3308254, guid: cdfb0c2e68813734ea360101a4d9d57d,
    type: 2}
  m_PrefabInternal: {fileID: 1218559185}
  m_GameObject: {fileID: 1008760889}
  m_Mesh: {fileID: 4300080, guid: 4f9107ee1fbfa2748bca0c52e53cb086, type: 3}
--- !u!114 &1008760893
MonoBehaviour:
  m_ObjectHideFlags: 0
  m_PrefabParentObject: {fileID: 11408242, guid: cdfb0c2e68813734ea360101a4d9d57d,
    type: 2}
  m_PrefabInternal: {fileID: 1218559185}
  m_GameObject: {fileID: 1008760889}
  m_Enabled: 1
  m_EditorHideFlags: 0
  m_Script: {fileID: 11500000, guid: b1f52eda4d92a3144b056e67fedf326e, type: 3}
  m_Name: 
  m_EditorClassIdentifier: 
  scrollSpeed_X: .300000012
  scrollSpeed_Y: 0
--- !u!1 &1062963947
GameObject:
  m_ObjectHideFlags: 0
  m_PrefabParentObject: {fileID: 108258, guid: cdfb0c2e68813734ea360101a4d9d57d, type: 2}
  m_PrefabInternal: {fileID: 1218559185}
  serializedVersion: 4
  m_Component:
  - 4: {fileID: 1062963948}
  - 33: {fileID: 1062963950}
  - 23: {fileID: 1062963949}
  - 114: {fileID: 1062963951}
  m_Layer: 0
  m_Name: Sparks_010
  m_TagString: Untagged
  m_Icon: {fileID: 0}
  m_NavMeshLayer: 0
  m_StaticEditorFlags: 0
  m_IsActive: 1
--- !u!4 &1062963948
Transform:
  m_ObjectHideFlags: 0
  m_PrefabParentObject: {fileID: 408258, guid: cdfb0c2e68813734ea360101a4d9d57d, type: 2}
  m_PrefabInternal: {fileID: 1218559185}
  m_GameObject: {fileID: 1062963947}
  m_LocalRotation: {x: .301252246, y: .774718225, z: -.552623093, w: -.0605525114}
  m_LocalPosition: {x: -11.6636581, y: 40.2310295, z: -6.51656818}
  m_LocalScale: {x: .0523154028, y: .0523154065, z: .0523154028}
  m_Children: []
  m_Father: {fileID: 105083886}
  m_RootOrder: 30
--- !u!23 &1062963949
MeshRenderer:
  m_ObjectHideFlags: 0
  m_PrefabParentObject: {fileID: 2308256, guid: cdfb0c2e68813734ea360101a4d9d57d,
    type: 2}
  m_PrefabInternal: {fileID: 1218559185}
  m_GameObject: {fileID: 1062963947}
  m_Enabled: 1
  m_CastShadows: 1
  m_ReceiveShadows: 1
  m_Materials:
  - {fileID: 2100000, guid: e7de411fc05584c4188007e3cecc4406, type: 2}
  m_SubsetIndices: 
  m_StaticBatchRoot: {fileID: 0}
  m_UseLightProbes: 0
  m_ReflectionProbeUsage: 1
  m_ProbeAnchor: {fileID: 0}
  m_ScaleInLightmap: 1
  m_PreserveUVs: 0
  m_ImportantGI: 0
  m_AutoUVMaxDistance: .5
  m_AutoUVMaxAngle: 89
  m_LightmapParameters: {fileID: 0}
  m_SortingLayerID: 0
  m_SortingOrder: 0
--- !u!33 &1062963950
MeshFilter:
  m_ObjectHideFlags: 0
  m_PrefabParentObject: {fileID: 3308256, guid: cdfb0c2e68813734ea360101a4d9d57d,
    type: 2}
  m_PrefabInternal: {fileID: 1218559185}
  m_GameObject: {fileID: 1062963947}
  m_Mesh: {fileID: 4300092, guid: 4f9107ee1fbfa2748bca0c52e53cb086, type: 3}
--- !u!114 &1062963951
MonoBehaviour:
  m_ObjectHideFlags: 0
  m_PrefabParentObject: {fileID: 11408244, guid: cdfb0c2e68813734ea360101a4d9d57d,
    type: 2}
  m_PrefabInternal: {fileID: 1218559185}
  m_GameObject: {fileID: 1062963947}
  m_Enabled: 1
  m_EditorHideFlags: 0
  m_Script: {fileID: 11500000, guid: b1f52eda4d92a3144b056e67fedf326e, type: 3}
  m_Name: 
  m_EditorClassIdentifier: 
  scrollSpeed_X: .300000012
  scrollSpeed_Y: 0
--- !u!1001 &1218559185
Prefab:
  m_ObjectHideFlags: 0
  serializedVersion: 2
  m_Modification:
    m_TransformParent: {fileID: 0}
    m_Modifications:
    - target: {fileID: 408238, guid: cdfb0c2e68813734ea360101a4d9d57d, type: 2}
      propertyPath: m_LocalPosition.x
      value: -0
      objectReference: {fileID: 0}
    - target: {fileID: 408238, guid: cdfb0c2e68813734ea360101a4d9d57d, type: 2}
      propertyPath: m_LocalPosition.y
      value: 0
      objectReference: {fileID: 0}
    - target: {fileID: 408238, guid: cdfb0c2e68813734ea360101a4d9d57d, type: 2}
      propertyPath: m_LocalPosition.z
      value: 0
      objectReference: {fileID: 0}
    - target: {fileID: 408238, guid: cdfb0c2e68813734ea360101a4d9d57d, type: 2}
      propertyPath: m_LocalRotation.x
      value: 0
      objectReference: {fileID: 0}
    - target: {fileID: 408238, guid: cdfb0c2e68813734ea360101a4d9d57d, type: 2}
      propertyPath: m_LocalRotation.y
      value: -0
      objectReference: {fileID: 0}
    - target: {fileID: 408238, guid: cdfb0c2e68813734ea360101a4d9d57d, type: 2}
      propertyPath: m_LocalRotation.z
      value: -0
      objectReference: {fileID: 0}
    - target: {fileID: 408238, guid: cdfb0c2e68813734ea360101a4d9d57d, type: 2}
      propertyPath: m_LocalRotation.w
      value: 1
      objectReference: {fileID: 0}
    - target: {fileID: 408238, guid: cdfb0c2e68813734ea360101a4d9d57d, type: 2}
      propertyPath: m_RootOrder
      value: 2
      objectReference: {fileID: 0}
    m_RemovedComponents: []
  m_ParentPrefab: {fileID: 100100000, guid: cdfb0c2e68813734ea360101a4d9d57d, type: 2}
  m_RootGameObject: {fileID: 105083885}
  m_IsPrefabParent: 0
--- !u!1 &1251412960
GameObject:
  m_ObjectHideFlags: 0
  m_PrefabParentObject: {fileID: 108262, guid: cdfb0c2e68813734ea360101a4d9d57d, type: 2}
  m_PrefabInternal: {fileID: 1218559185}
  serializedVersion: 4
  m_Component:
  - 4: {fileID: 1251412961}
  - 33: {fileID: 1251412963}
  - 23: {fileID: 1251412962}
  - 114: {fileID: 1251412964}
  m_Layer: 0
  m_Name: Sparks_02
  m_TagString: Untagged
  m_Icon: {fileID: 0}
  m_NavMeshLayer: 0
  m_StaticEditorFlags: 0
  m_IsActive: 1
--- !u!4 &1251412961
Transform:
  m_ObjectHideFlags: 0
  m_PrefabParentObject: {fileID: 408262, guid: cdfb0c2e68813734ea360101a4d9d57d, type: 2}
  m_PrefabInternal: {fileID: 1218559185}
  m_GameObject: {fileID: 1251412960}
  m_LocalRotation: {x: .658947587, y: .658947587, z: -.25649184, w: .25649184}
  m_LocalPosition: {x: -.246327162, y: 26.1631527, z: -16.4480782}
  m_LocalScale: {x: .0762892812, y: .0762892812, z: .0762892812}
  m_Children: []
  m_Father: {fileID: 105083886}
  m_RootOrder: 22
--- !u!23 &1251412962
MeshRenderer:
  m_ObjectHideFlags: 0
  m_PrefabParentObject: {fileID: 2308260, guid: cdfb0c2e68813734ea360101a4d9d57d,
    type: 2}
  m_PrefabInternal: {fileID: 1218559185}
  m_GameObject: {fileID: 1251412960}
  m_Enabled: 1
  m_CastShadows: 1
  m_ReceiveShadows: 1
  m_Materials:
  - {fileID: 2100000, guid: e7de411fc05584c4188007e3cecc4406, type: 2}
  m_SubsetIndices: 
  m_StaticBatchRoot: {fileID: 0}
  m_UseLightProbes: 0
  m_ReflectionProbeUsage: 1
  m_ProbeAnchor: {fileID: 0}
  m_ScaleInLightmap: 1
  m_PreserveUVs: 0
  m_ImportantGI: 0
  m_AutoUVMaxDistance: .5
  m_AutoUVMaxAngle: 89
  m_LightmapParameters: {fileID: 0}
  m_SortingLayerID: 0
  m_SortingOrder: 0
--- !u!33 &1251412963
MeshFilter:
  m_ObjectHideFlags: 0
  m_PrefabParentObject: {fileID: 3308260, guid: cdfb0c2e68813734ea360101a4d9d57d,
    type: 2}
  m_PrefabInternal: {fileID: 1218559185}
  m_GameObject: {fileID: 1251412960}
  m_Mesh: {fileID: 4300076, guid: 4f9107ee1fbfa2748bca0c52e53cb086, type: 3}
--- !u!114 &1251412964
MonoBehaviour:
  m_ObjectHideFlags: 0
  m_PrefabParentObject: {fileID: 11408248, guid: cdfb0c2e68813734ea360101a4d9d57d,
    type: 2}
  m_PrefabInternal: {fileID: 1218559185}
  m_GameObject: {fileID: 1251412960}
  m_Enabled: 1
  m_EditorHideFlags: 0
  m_Script: {fileID: 11500000, guid: b1f52eda4d92a3144b056e67fedf326e, type: 3}
  m_Name: 
  m_EditorClassIdentifier: 
  scrollSpeed_X: .300000012
  scrollSpeed_Y: 0
--- !u!1 &1331575531
GameObject:
  m_ObjectHideFlags: 0
  m_PrefabParentObject: {fileID: 108264, guid: cdfb0c2e68813734ea360101a4d9d57d, type: 2}
  m_PrefabInternal: {fileID: 1218559185}
  serializedVersion: 4
  m_Component:
  - 4: {fileID: 1331575532}
  - 15: {fileID: 1331575535}
  - 12: {fileID: 1331575534}
  - 26: {fileID: 1331575533}
  m_Layer: 1
  m_Name: Smoke_Particles
  m_TagString: Untagged
  m_Icon: {fileID: 0}
  m_NavMeshLayer: 0
  m_StaticEditorFlags: 0
  m_IsActive: 1
--- !u!4 &1331575532
Transform:
  m_ObjectHideFlags: 0
  m_PrefabParentObject: {fileID: 408264, guid: cdfb0c2e68813734ea360101a4d9d57d, type: 2}
  m_PrefabInternal: {fileID: 1218559185}
  m_GameObject: {fileID: 1331575531}
  m_LocalRotation: {x: 0, y: 0, z: -.537177444, w: .843469322}
  m_LocalPosition: {x: 8.60000038, y: 13.500001, z: 0}
  m_LocalScale: {x: 99.9999924, y: 100, z: 100}
  m_Children: []
  m_Father: {fileID: 105083886}
  m_RootOrder: 1
--- !u!26 &1331575533
ParticleRenderer:
  m_ObjectHideFlags: 0
  m_PrefabParentObject: {fileID: 2608236, guid: cdfb0c2e68813734ea360101a4d9d57d,
    type: 2}
  m_PrefabInternal: {fileID: 1218559185}
  m_GameObject: {fileID: 1331575531}
  m_Enabled: 1
  m_CastShadows: 0
  m_ReceiveShadows: 0
  m_Materials:
  - {fileID: 2100000, guid: 51e17ed36caf36b4c8d43800b8972c29, type: 2}
  m_SubsetIndices: 
  m_StaticBatchRoot: {fileID: 0}
  m_UseLightProbes: 0
  m_ReflectionProbeUsage: 1
  m_ProbeAnchor: {fileID: 0}
  m_ScaleInLightmap: 1
  m_PreserveUVs: 0
  m_ImportantGI: 0
  m_AutoUVMaxDistance: .5
  m_AutoUVMaxAngle: 89
  m_LightmapParameters: {fileID: 0}
  m_SortingLayerID: 0
  m_SortingOrder: 0
  serializedVersion: 2
  m_CameraVelocityScale: 0
  m_StretchParticles: 2
  m_LengthScale: 2
  m_VelocityScale: 0
  m_MaxParticleSize: .25
  UV Animation:
    x Tile: 1
    y Tile: 1
    cycles: 1
--- !u!12 &1331575534
ParticleAnimator:
  m_ObjectHideFlags: 0
  m_PrefabParentObject: {fileID: 1208236, guid: cdfb0c2e68813734ea360101a4d9d57d,
    type: 2}
  m_PrefabInternal: {fileID: 1218559185}
  m_GameObject: {fileID: 1331575531}
  Does Animate Color?: 1
  colorAnimation[0]:
    serializedVersion: 2
    rgba: 184549375
  colorAnimation[1]:
    serializedVersion: 2
    rgba: 4293322470
  colorAnimation[2]:
    serializedVersion: 2
    rgba: 3217870028
  colorAnimation[3]:
    serializedVersion: 2
    rgba: 1085518771
  colorAnimation[4]:
    serializedVersion: 2
    rgba: 9079434
  worldRotationAxis: {x: 0, y: 0, z: 0}
  localRotationAxis: {x: 0, y: 0, z: 0}
  sizeGrow: .400000006
  rndForce: {x: 0, y: 0, z: 0}
  force: {x: 0, y: 0, z: 0}
  damping: 1
  stopSimulation: 0
  autodestruct: 0
--- !u!15 &1331575535
EllipsoidParticleEmitter:
  m_ObjectHideFlags: 0
  m_PrefabParentObject: {fileID: 1508236, guid: cdfb0c2e68813734ea360101a4d9d57d,
    type: 2}
  m_PrefabInternal: {fileID: 1218559185}
  m_GameObject: {fileID: 1331575531}
  serializedVersion: 2
  m_Enabled: 1
  m_Emit: 1
  minSize: .5
  maxSize: .5
  minEnergy: 1
  maxEnergy: 6
  minEmission: 30
  maxEmission: 30
  worldVelocity: {x: 0, y: .400000006, z: 0}
  localVelocity: {x: 0, y: 0, z: 0}
  rndVelocity: {x: .300000012, y: .300000012, z: .300000012}
  emitterVelocityScale: .0299999993
  tangentVelocity: {x: 0, y: 0, z: 0}
  angularVelocity: 0
  rndAngularVelocity: 0
  rndRotation: 0
  Simulate in Worldspace?: 1
  m_OneShot: 0
  m_Ellipsoid: {x: .25, y: .25, z: .25}
  m_MinEmitterRange: 0
--- !u!1 &1362528699
GameObject:
  m_ObjectHideFlags: 0
  m_PrefabParentObject: {fileID: 108266, guid: cdfb0c2e68813734ea360101a4d9d57d, type: 2}
  m_PrefabInternal: {fileID: 1218559185}
  serializedVersion: 4
  m_Component:
  - 4: {fileID: 1362528700}
  - 33: {fileID: 1362528702}
  - 23: {fileID: 1362528701}
  m_Layer: 0
  m_Name: Logs_06
  m_TagString: Untagged
  m_Icon: {fileID: 0}
  m_NavMeshLayer: 0
  m_StaticEditorFlags: 0
  m_IsActive: 1
--- !u!4 &1362528700
Transform:
  m_ObjectHideFlags: 0
  m_PrefabParentObject: {fileID: 408266, guid: cdfb0c2e68813734ea360101a4d9d57d, type: 2}
  m_PrefabInternal: {fileID: 1218559185}
  m_GameObject: {fileID: 1362528699}
  m_LocalRotation: {x: 0, y: -0, z: -0, w: 1}
  m_LocalPosition: {x: 62.7313576, y: 13.0748987, z: -38.5641022}
  m_LocalScale: {x: 1, y: 1, z: 1}
  m_Children: []
  m_Father: {fileID: 105083886}
  m_RootOrder: 20
--- !u!23 &1362528701
MeshRenderer:
  m_ObjectHideFlags: 0
  m_PrefabParentObject: {fileID: 2308262, guid: cdfb0c2e68813734ea360101a4d9d57d,
    type: 2}
  m_PrefabInternal: {fileID: 1218559185}
  m_GameObject: {fileID: 1362528699}
  m_Enabled: 1
  m_CastShadows: 1
  m_ReceiveShadows: 1
  m_Materials:
  - {fileID: 2100000, guid: b2954053af3d7c344add1c33e4e150bb, type: 2}
  - {fileID: 2100000, guid: 9d883f4cc4225144d83b526f66d1aa3b, type: 2}
  m_SubsetIndices: 
  m_StaticBatchRoot: {fileID: 0}
  m_UseLightProbes: 0
  m_ReflectionProbeUsage: 1
  m_ProbeAnchor: {fileID: 0}
  m_ScaleInLightmap: 1
  m_PreserveUVs: 0
  m_ImportantGI: 0
  m_AutoUVMaxDistance: .5
  m_AutoUVMaxAngle: 89
  m_LightmapParameters: {fileID: 0}
  m_SortingLayerID: 0
  m_SortingOrder: 0
--- !u!33 &1362528702
MeshFilter:
  m_ObjectHideFlags: 0
  m_PrefabParentObject: {fileID: 3308262, guid: cdfb0c2e68813734ea360101a4d9d57d,
    type: 2}
  m_PrefabInternal: {fileID: 1218559185}
  m_GameObject: {fileID: 1362528699}
  m_Mesh: {fileID: 4300012, guid: 4f9107ee1fbfa2748bca0c52e53cb086, type: 3}
--- !u!1 &1460286617
GameObject:
  m_ObjectHideFlags: 0
  m_PrefabParentObject: {fileID: 108268, guid: cdfb0c2e68813734ea360101a4d9d57d, type: 2}
  m_PrefabInternal: {fileID: 1218559185}
  serializedVersion: 4
  m_Component:
  - 4: {fileID: 1460286618}
  - 33: {fileID: 1460286620}
  - 23: {fileID: 1460286619}
  m_Layer: 0
  m_Name: End_05
  m_TagString: Untagged
  m_Icon: {fileID: 0}
  m_NavMeshLayer: 0
  m_StaticEditorFlags: 0
  m_IsActive: 1
--- !u!4 &1460286618
Transform:
  m_ObjectHideFlags: 0
  m_PrefabParentObject: {fileID: 408268, guid: cdfb0c2e68813734ea360101a4d9d57d, type: 2}
  m_PrefabInternal: {fileID: 1218559185}
  m_GameObject: {fileID: 1460286617}
  m_LocalRotation: {x: 0, y: -0, z: -0, w: 1}
  m_LocalPosition: {x: 27.7169838, y: 19.1204147, z: -40.0606728}
  m_LocalScale: {x: 1, y: 1, z: 1}
  m_Children: []
  m_Father: {fileID: 105083886}
  m_RootOrder: 8
--- !u!23 &1460286619
MeshRenderer:
  m_ObjectHideFlags: 0
  m_PrefabParentObject: {fileID: 2308264, guid: cdfb0c2e68813734ea360101a4d9d57d,
    type: 2}
  m_PrefabInternal: {fileID: 1218559185}
  m_GameObject: {fileID: 1460286617}
  m_Enabled: 1
  m_CastShadows: 1
  m_ReceiveShadows: 1
  m_Materials:
  - {fileID: 2100000, guid: bb99ed564100d344a82f8b9b6b632bd1, type: 2}
  m_SubsetIndices: 
  m_StaticBatchRoot: {fileID: 0}
  m_UseLightProbes: 0
  m_ReflectionProbeUsage: 1
  m_ProbeAnchor: {fileID: 0}
  m_ScaleInLightmap: 1
  m_PreserveUVs: 0
  m_ImportantGI: 0
  m_AutoUVMaxDistance: .5
  m_AutoUVMaxAngle: 89
  m_LightmapParameters: {fileID: 0}
  m_SortingLayerID: 0
  m_SortingOrder: 0
--- !u!33 &1460286620
MeshFilter:
  m_ObjectHideFlags: 0
  m_PrefabParentObject: {fileID: 3308264, guid: cdfb0c2e68813734ea360101a4d9d57d,
    type: 2}
  m_PrefabInternal: {fileID: 1218559185}
  m_GameObject: {fileID: 1460286617}
  m_Mesh: {fileID: 4300022, guid: 4f9107ee1fbfa2748bca0c52e53cb086, type: 3}
--- !u!1 &1499943541
GameObject:
  m_ObjectHideFlags: 0
  m_PrefabParentObject: {fileID: 108270, guid: cdfb0c2e68813734ea360101a4d9d57d, type: 2}
  m_PrefabInternal: {fileID: 1218559185}
  serializedVersion: 4
  m_Component:
  - 4: {fileID: 1499943542}
  - 33: {fileID: 1499943544}
  - 23: {fileID: 1499943543}
  - 114: {fileID: 1499943545}
  m_Layer: 0
  m_Name: Sparks_011
  m_TagString: Untagged
  m_Icon: {fileID: 0}
  m_NavMeshLayer: 0
  m_StaticEditorFlags: 0
  m_IsActive: 1
--- !u!4 &1499943542
Transform:
  m_ObjectHideFlags: 0
  m_PrefabParentObject: {fileID: 408270, guid: cdfb0c2e68813734ea360101a4d9d57d, type: 2}
  m_PrefabInternal: {fileID: 1218559185}
  m_GameObject: {fileID: 1499943541}
  m_LocalRotation: {x: .301252246, y: .774718225, z: -.552623093, w: -.0605525114}
  m_LocalPosition: {x: -11.6636581, y: 40.2310295, z: -6.51656818}
  m_LocalScale: {x: .0523154028, y: .0523154102, z: .0523154028}
  m_Children: []
  m_Father: {fileID: 105083886}
  m_RootOrder: 31
--- !u!23 &1499943543
MeshRenderer:
  m_ObjectHideFlags: 0
  m_PrefabParentObject: {fileID: 2308266, guid: cdfb0c2e68813734ea360101a4d9d57d,
    type: 2}
  m_PrefabInternal: {fileID: 1218559185}
  m_GameObject: {fileID: 1499943541}
  m_Enabled: 1
  m_CastShadows: 1
  m_ReceiveShadows: 1
  m_Materials:
  - {fileID: 2100000, guid: e7de411fc05584c4188007e3cecc4406, type: 2}
  m_SubsetIndices: 
  m_StaticBatchRoot: {fileID: 0}
  m_UseLightProbes: 0
  m_ReflectionProbeUsage: 1
  m_ProbeAnchor: {fileID: 0}
  m_ScaleInLightmap: 1
  m_PreserveUVs: 0
  m_ImportantGI: 0
  m_AutoUVMaxDistance: .5
  m_AutoUVMaxAngle: 89
  m_LightmapParameters: {fileID: 0}
  m_SortingLayerID: 0
  m_SortingOrder: 0
--- !u!33 &1499943544
MeshFilter:
  m_ObjectHideFlags: 0
  m_PrefabParentObject: {fileID: 3308266, guid: cdfb0c2e68813734ea360101a4d9d57d,
    type: 2}
  m_PrefabInternal: {fileID: 1218559185}
  m_GameObject: {fileID: 1499943541}
  m_Mesh: {fileID: 4300094, guid: 4f9107ee1fbfa2748bca0c52e53cb086, type: 3}
--- !u!114 &1499943545
MonoBehaviour:
  m_ObjectHideFlags: 0
  m_PrefabParentObject: {fileID: 11408250, guid: cdfb0c2e68813734ea360101a4d9d57d,
    type: 2}
  m_PrefabInternal: {fileID: 1218559185}
  m_GameObject: {fileID: 1499943541}
  m_Enabled: 1
  m_EditorHideFlags: 0
  m_Script: {fileID: 11500000, guid: b1f52eda4d92a3144b056e67fedf326e, type: 3}
  m_Name: 
  m_EditorClassIdentifier: 
  scrollSpeed_X: .300000012
  scrollSpeed_Y: 0
--- !u!1 &1551452563
GameObject:
  m_ObjectHideFlags: 0
  m_PrefabParentObject: {fileID: 108272, guid: cdfb0c2e68813734ea360101a4d9d57d, type: 2}
  m_PrefabInternal: {fileID: 1218559185}
  serializedVersion: 4
  m_Component:
  - 4: {fileID: 1551452564}
  - 33: {fileID: 1551452566}
  - 23: {fileID: 1551452565}
  m_Layer: 0
  m_Name: End_09
  m_TagString: Untagged
  m_Icon: {fileID: 0}
  m_NavMeshLayer: 0
  m_StaticEditorFlags: 0
  m_IsActive: 1
--- !u!4 &1551452564
Transform:
  m_ObjectHideFlags: 0
  m_PrefabParentObject: {fileID: 408272, guid: cdfb0c2e68813734ea360101a4d9d57d, type: 2}
  m_PrefabInternal: {fileID: 1218559185}
  m_GameObject: {fileID: 1551452563}
  m_LocalRotation: {x: 0, y: -0, z: -0, w: 1}
  m_LocalPosition: {x: -43.2155037, y: 17.7504616, z: -43.1185074}
  m_LocalScale: {x: 1, y: 1, z: 1}
  m_Children: []
  m_Father: {fileID: 105083886}
  m_RootOrder: 12
--- !u!23 &1551452565
MeshRenderer:
  m_ObjectHideFlags: 0
  m_PrefabParentObject: {fileID: 2308268, guid: cdfb0c2e68813734ea360101a4d9d57d,
    type: 2}
  m_PrefabInternal: {fileID: 1218559185}
  m_GameObject: {fileID: 1551452563}
  m_Enabled: 1
  m_CastShadows: 1
  m_ReceiveShadows: 1
  m_Materials:
  - {fileID: 2100000, guid: 2a4e60c0d349b554b8c58b5c68d71ef5, type: 2}
  m_SubsetIndices: 
  m_StaticBatchRoot: {fileID: 0}
  m_UseLightProbes: 0
  m_ReflectionProbeUsage: 1
  m_ProbeAnchor: {fileID: 0}
  m_ScaleInLightmap: 1
  m_PreserveUVs: 0
  m_ImportantGI: 0
  m_AutoUVMaxDistance: .5
  m_AutoUVMaxAngle: 89
  m_LightmapParameters: {fileID: 0}
  m_SortingLayerID: 0
  m_SortingOrder: 0
--- !u!33 &1551452566
MeshFilter:
  m_ObjectHideFlags: 0
  m_PrefabParentObject: {fileID: 3308268, guid: cdfb0c2e68813734ea360101a4d9d57d,
    type: 2}
  m_PrefabInternal: {fileID: 1218559185}
  m_GameObject: {fileID: 1551452563}
  m_Mesh: {fileID: 4300030, guid: 4f9107ee1fbfa2748bca0c52e53cb086, type: 3}
--- !u!1 &1681935384
GameObject:
  m_ObjectHideFlags: 0
  m_PrefabParentObject: {fileID: 108274, guid: cdfb0c2e68813734ea360101a4d9d57d, type: 2}
  m_PrefabInternal: {fileID: 1218559185}
  serializedVersion: 4
  m_Component:
  - 4: {fileID: 1681935385}
  - 33: {fileID: 1681935387}
  - 23: {fileID: 1681935386}
  m_Layer: 0
  m_Name: Logs_03
  m_TagString: Untagged
  m_Icon: {fileID: 0}
  m_NavMeshLayer: 0
  m_StaticEditorFlags: 0
  m_IsActive: 1
--- !u!4 &1681935385
Transform:
  m_ObjectHideFlags: 0
  m_PrefabParentObject: {fileID: 408274, guid: cdfb0c2e68813734ea360101a4d9d57d, type: 2}
  m_PrefabInternal: {fileID: 1218559185}
  m_GameObject: {fileID: 1681935384}
  m_LocalRotation: {x: 0, y: -0, z: -0, w: 1}
  m_LocalPosition: {x: 27.7169838, y: 19.1204147, z: -40.0606728}
  m_LocalScale: {x: 1, y: 1, z: 1}
  m_Children: []
  m_Father: {fileID: 105083886}
  m_RootOrder: 17
--- !u!23 &1681935386
MeshRenderer:
  m_ObjectHideFlags: 0
  m_PrefabParentObject: {fileID: 2308270, guid: cdfb0c2e68813734ea360101a4d9d57d,
    type: 2}
  m_PrefabInternal: {fileID: 1218559185}
  m_GameObject: {fileID: 1681935384}
  m_Enabled: 1
  m_CastShadows: 1
  m_ReceiveShadows: 1
  m_Materials:
  - {fileID: 2100000, guid: b2954053af3d7c344add1c33e4e150bb, type: 2}
  - {fileID: 2100000, guid: 9d883f4cc4225144d83b526f66d1aa3b, type: 2}
  m_SubsetIndices: 
  m_StaticBatchRoot: {fileID: 0}
  m_UseLightProbes: 0
  m_ReflectionProbeUsage: 1
  m_ProbeAnchor: {fileID: 0}
  m_ScaleInLightmap: 1
  m_PreserveUVs: 0
  m_ImportantGI: 0
  m_AutoUVMaxDistance: .5
  m_AutoUVMaxAngle: 89
  m_LightmapParameters: {fileID: 0}
  m_SortingLayerID: 0
  m_SortingOrder: 0
--- !u!33 &1681935387
MeshFilter:
  m_ObjectHideFlags: 0
  m_PrefabParentObject: {fileID: 3308270, guid: cdfb0c2e68813734ea360101a4d9d57d,
    type: 2}
  m_PrefabInternal: {fileID: 1218559185}
  m_GameObject: {fileID: 1681935384}
  m_Mesh: {fileID: 4300006, guid: 4f9107ee1fbfa2748bca0c52e53cb086, type: 3}
--- !u!1 &1685387334
GameObject:
  m_ObjectHideFlags: 0
  m_PrefabParentObject: {fileID: 108276, guid: cdfb0c2e68813734ea360101a4d9d57d, type: 2}
  m_PrefabInternal: {fileID: 1218559185}
  serializedVersion: 4
  m_Component:
  - 4: {fileID: 1685387335}
  - 33: {fileID: 1685387337}
  - 23: {fileID: 1685387336}
  m_Layer: 0
  m_Name: End_04
  m_TagString: Untagged
  m_Icon: {fileID: 0}
  m_NavMeshLayer: 0
  m_StaticEditorFlags: 0
  m_IsActive: 1
--- !u!4 &1685387335
Transform:
  m_ObjectHideFlags: 0
  m_PrefabParentObject: {fileID: 408276, guid: cdfb0c2e68813734ea360101a4d9d57d, type: 2}
  m_PrefabInternal: {fileID: 1218559185}
  m_GameObject: {fileID: 1685387334}
  m_LocalRotation: {x: 0, y: -0, z: -0, w: 1}
  m_LocalPosition: {x: 62.7313576, y: 13.0748987, z: -38.5641022}
  m_LocalScale: {x: 1, y: 1, z: 1}
  m_Children: []
  m_Father: {fileID: 105083886}
  m_RootOrder: 7
--- !u!23 &1685387336
MeshRenderer:
  m_ObjectHideFlags: 0
  m_PrefabParentObject: {fileID: 2308272, guid: cdfb0c2e68813734ea360101a4d9d57d,
    type: 2}
  m_PrefabInternal: {fileID: 1218559185}
  m_GameObject: {fileID: 1685387334}
  m_Enabled: 1
  m_CastShadows: 1
  m_ReceiveShadows: 1
  m_Materials:
  - {fileID: 2100000, guid: 2a4e60c0d349b554b8c58b5c68d71ef5, type: 2}
  m_SubsetIndices: 
  m_StaticBatchRoot: {fileID: 0}
  m_UseLightProbes: 0
  m_ReflectionProbeUsage: 1
  m_ProbeAnchor: {fileID: 0}
  m_ScaleInLightmap: 1
  m_PreserveUVs: 0
  m_ImportantGI: 0
  m_AutoUVMaxDistance: .5
  m_AutoUVMaxAngle: 89
  m_LightmapParameters: {fileID: 0}
  m_SortingLayerID: 0
  m_SortingOrder: 0
--- !u!33 &1685387337
MeshFilter:
  m_ObjectHideFlags: 0
  m_PrefabParentObject: {fileID: 3308272, guid: cdfb0c2e68813734ea360101a4d9d57d,
    type: 2}
  m_PrefabInternal: {fileID: 1218559185}
  m_GameObject: {fileID: 1685387334}
  m_Mesh: {fileID: 4300020, guid: 4f9107ee1fbfa2748bca0c52e53cb086, type: 3}
--- !u!1 &1687267458
GameObject:
  m_ObjectHideFlags: 0
  m_PrefabParentObject: {fileID: 108278, guid: cdfb0c2e68813734ea360101a4d9d57d, type: 2}
  m_PrefabInternal: {fileID: 1218559185}
  serializedVersion: 4
  m_Component:
  - 4: {fileID: 1687267459}
  - 33: {fileID: 1687267461}
  - 23: {fileID: 1687267460}
  - 114: {fileID: 1687267462}
  m_Layer: 0
  m_Name: Sparks_06
  m_TagString: Untagged
  m_Icon: {fileID: 0}
  m_NavMeshLayer: 0
  m_StaticEditorFlags: 0
  m_IsActive: 1
--- !u!4 &1687267459
Transform:
  m_ObjectHideFlags: 0
  m_PrefabParentObject: {fileID: 408278, guid: cdfb0c2e68813734ea360101a4d9d57d, type: 2}
  m_PrefabInternal: {fileID: 1218559185}
  m_GameObject: {fileID: 1687267458}
  m_LocalRotation: {x: .299653172, y: .917605281, z: .248265252, w: -.0810735002}
  m_LocalPosition: {x: -50.2033348, y: 26.1631527, z: 11.9097195}
  m_LocalScale: {x: .0523154028, y: .0523154028, z: .0523154028}
  m_Children: []
  m_Father: {fileID: 105083886}
  m_RootOrder: 26
--- !u!23 &1687267460
MeshRenderer:
  m_ObjectHideFlags: 0
  m_PrefabParentObject: {fileID: 2308274, guid: cdfb0c2e68813734ea360101a4d9d57d,
    type: 2}
  m_PrefabInternal: {fileID: 1218559185}
  m_GameObject: {fileID: 1687267458}
  m_Enabled: 1
  m_CastShadows: 1
  m_ReceiveShadows: 1
  m_Materials:
  - {fileID: 2100000, guid: e7de411fc05584c4188007e3cecc4406, type: 2}
  m_SubsetIndices: 
  m_StaticBatchRoot: {fileID: 0}
  m_UseLightProbes: 0
  m_ReflectionProbeUsage: 1
  m_ProbeAnchor: {fileID: 0}
  m_ScaleInLightmap: 1
  m_PreserveUVs: 0
  m_ImportantGI: 0
  m_AutoUVMaxDistance: .5
  m_AutoUVMaxAngle: 89
  m_LightmapParameters: {fileID: 0}
  m_SortingLayerID: 0
  m_SortingOrder: 0
--- !u!33 &1687267461
MeshFilter:
  m_ObjectHideFlags: 0
  m_PrefabParentObject: {fileID: 3308274, guid: cdfb0c2e68813734ea360101a4d9d57d,
    type: 2}
  m_PrefabInternal: {fileID: 1218559185}
  m_GameObject: {fileID: 1687267458}
  m_Mesh: {fileID: 4300084, guid: 4f9107ee1fbfa2748bca0c52e53cb086, type: 3}
--- !u!114 &1687267462
MonoBehaviour:
  m_ObjectHideFlags: 0
  m_PrefabParentObject: {fileID: 11408252, guid: cdfb0c2e68813734ea360101a4d9d57d,
    type: 2}
  m_PrefabInternal: {fileID: 1218559185}
  m_GameObject: {fileID: 1687267458}
  m_Enabled: 1
  m_EditorHideFlags: 0
  m_Script: {fileID: 11500000, guid: b1f52eda4d92a3144b056e67fedf326e, type: 3}
  m_Name: 
  m_EditorClassIdentifier: 
  scrollSpeed_X: .300000012
  scrollSpeed_Y: 0
--- !u!1 &1704944535
GameObject:
  m_ObjectHideFlags: 0
  m_PrefabParentObject: {fileID: 108280, guid: cdfb0c2e68813734ea360101a4d9d57d, type: 2}
  m_PrefabInternal: {fileID: 1218559185}
  serializedVersion: 4
  m_Component:
  - 4: {fileID: 1704944536}
  - 33: {fileID: 1704944538}
  - 23: {fileID: 1704944537}
  m_Layer: 0
  m_Name: End_03
  m_TagString: Untagged
  m_Icon: {fileID: 0}
  m_NavMeshLayer: 0
  m_StaticEditorFlags: 0
  m_IsActive: 1
--- !u!4 &1704944536
Transform:
  m_ObjectHideFlags: 0
  m_PrefabParentObject: {fileID: 408280, guid: cdfb0c2e68813734ea360101a4d9d57d, type: 2}
  m_PrefabInternal: {fileID: 1218559185}
  m_GameObject: {fileID: 1704944535}
  m_LocalRotation: {x: 0, y: 0, z: 0, w: 1}
  m_LocalPosition: {x: -43.2154999, y: 17.7504616, z: -43.1185074}
  m_LocalScale: {x: 1, y: 1, z: 1}
  m_Children: []
  m_Father: {fileID: 105083886}
  m_RootOrder: 6
--- !u!23 &1704944537
MeshRenderer:
  m_ObjectHideFlags: 0
  m_PrefabParentObject: {fileID: 2308276, guid: cdfb0c2e68813734ea360101a4d9d57d,
    type: 2}
  m_PrefabInternal: {fileID: 1218559185}
  m_GameObject: {fileID: 1704944535}
  m_Enabled: 1
  m_CastShadows: 1
  m_ReceiveShadows: 1
  m_Materials:
  - {fileID: 2100000, guid: 2a4e60c0d349b554b8c58b5c68d71ef5, type: 2}
  m_SubsetIndices: 
  m_StaticBatchRoot: {fileID: 0}
  m_UseLightProbes: 0
  m_ReflectionProbeUsage: 1
  m_ProbeAnchor: {fileID: 0}
  m_ScaleInLightmap: 1
  m_PreserveUVs: 0
  m_ImportantGI: 0
  m_AutoUVMaxDistance: .5
  m_AutoUVMaxAngle: 89
  m_LightmapParameters: {fileID: 0}
  m_SortingLayerID: 0
  m_SortingOrder: 0
--- !u!33 &1704944538
MeshFilter:
  m_ObjectHideFlags: 0
  m_PrefabParentObject: {fileID: 3308276, guid: cdfb0c2e68813734ea360101a4d9d57d,
    type: 2}
  m_PrefabInternal: {fileID: 1218559185}
  m_GameObject: {fileID: 1704944535}
  m_Mesh: {fileID: 4300018, guid: 4f9107ee1fbfa2748bca0c52e53cb086, type: 3}
--- !u!1 &1757476326
GameObject:
  m_ObjectHideFlags: 0
  m_PrefabParentObject: {fileID: 108282, guid: cdfb0c2e68813734ea360101a4d9d57d, type: 2}
  m_PrefabInternal: {fileID: 1218559185}
  serializedVersion: 4
  m_Component:
  - 4: {fileID: 1757476327}
  - 33: {fileID: 1757476329}
  - 23: {fileID: 1757476328}
  m_Layer: 0
  m_Name: End_07
  m_TagString: Untagged
  m_Icon: {fileID: 0}
  m_NavMeshLayer: 0
  m_StaticEditorFlags: 0
  m_IsActive: 1
--- !u!4 &1757476327
Transform:
  m_ObjectHideFlags: 0
  m_PrefabParentObject: {fileID: 408282, guid: cdfb0c2e68813734ea360101a4d9d57d, type: 2}
  m_PrefabInternal: {fileID: 1218559185}
  m_GameObject: {fileID: 1757476326}
  m_LocalRotation: {x: 0, y: -0, z: -0, w: 1}
  m_LocalPosition: {x: 55.3066597, y: 21.9074078, z: 24.1454144}
  m_LocalScale: {x: 1, y: 1, z: 1}
  m_Children: []
  m_Father: {fileID: 105083886}
  m_RootOrder: 10
--- !u!23 &1757476328
MeshRenderer:
  m_ObjectHideFlags: 0
  m_PrefabParentObject: {fileID: 2308278, guid: cdfb0c2e68813734ea360101a4d9d57d,
    type: 2}
  m_PrefabInternal: {fileID: 1218559185}
  m_GameObject: {fileID: 1757476326}
  m_Enabled: 1
  m_CastShadows: 1
  m_ReceiveShadows: 1
  m_Materials:
  - {fileID: 2100000, guid: bb99ed564100d344a82f8b9b6b632bd1, type: 2}
  m_SubsetIndices: 
  m_StaticBatchRoot: {fileID: 0}
  m_UseLightProbes: 0
  m_ReflectionProbeUsage: 1
  m_ProbeAnchor: {fileID: 0}
  m_ScaleInLightmap: 1
  m_PreserveUVs: 0
  m_ImportantGI: 0
  m_AutoUVMaxDistance: .5
  m_AutoUVMaxAngle: 89
  m_LightmapParameters: {fileID: 0}
  m_SortingLayerID: 0
  m_SortingOrder: 0
--- !u!33 &1757476329
MeshFilter:
  m_ObjectHideFlags: 0
  m_PrefabParentObject: {fileID: 3308278, guid: cdfb0c2e68813734ea360101a4d9d57d,
    type: 2}
  m_PrefabInternal: {fileID: 1218559185}
  m_GameObject: {fileID: 1757476326}
  m_Mesh: {fileID: 4300026, guid: 4f9107ee1fbfa2748bca0c52e53cb086, type: 3}
--- !u!1 &1807651119
GameObject:
  m_ObjectHideFlags: 0
  m_PrefabParentObject: {fileID: 0}
  m_PrefabInternal: {fileID: 0}
  serializedVersion: 4
  m_Component:
  - 4: {fileID: 1807651124}
  - 20: {fileID: 1807651123}
  - 124: {fileID: 1807651122}
  - 92: {fileID: 1807651121}
  - 81: {fileID: 1807651120}
  m_Layer: 0
  m_Name: Camera
  m_TagString: Untagged
  m_Icon: {fileID: 0}
  m_NavMeshLayer: 0
  m_StaticEditorFlags: 0
  m_IsActive: 1
--- !u!81 &1807651120
AudioListener:
  m_ObjectHideFlags: 0
  m_PrefabParentObject: {fileID: 0}
  m_PrefabInternal: {fileID: 0}
  m_GameObject: {fileID: 1807651119}
  m_Enabled: 1
--- !u!92 &1807651121
Behaviour:
  m_ObjectHideFlags: 0
  m_PrefabParentObject: {fileID: 0}
  m_PrefabInternal: {fileID: 0}
  m_GameObject: {fileID: 1807651119}
  m_Enabled: 1
--- !u!124 &1807651122
Behaviour:
  m_ObjectHideFlags: 0
  m_PrefabParentObject: {fileID: 0}
  m_PrefabInternal: {fileID: 0}
  m_GameObject: {fileID: 1807651119}
  m_Enabled: 1
--- !u!20 &1807651123
Camera:
  m_ObjectHideFlags: 0
  m_PrefabParentObject: {fileID: 0}
  m_PrefabInternal: {fileID: 0}
  m_GameObject: {fileID: 1807651119}
  m_Enabled: 1
  serializedVersion: 2
  m_ClearFlags: 1
  m_BackGroundColor: {r: .110294104, g: .110294104, b: .110294104, a: .0196078438}
  m_NormalizedViewPortRect:
    serializedVersion: 2
    x: 0
    y: 0
    width: 1
    height: 1
  near clip plane: .300000012
  far clip plane: 1000
  field of view: 60
  orthographic: 0
  orthographic size: 5
  m_Depth: 0
  m_CullingMask:
    serializedVersion: 2
    m_Bits: 4294967295
  m_RenderingPath: -1
  m_TargetTexture: {fileID: 0}
  m_TargetDisplay: 0
  m_HDR: 0
  m_OcclusionCulling: 1
  m_StereoConvergence: 10
  m_StereoSeparation: .0219999999
  m_StereoMirrorMode: 0
--- !u!4 &1807651124
Transform:
  m_ObjectHideFlags: 0
  m_PrefabParentObject: {fileID: 0}
  m_PrefabInternal: {fileID: 0}
  m_GameObject: {fileID: 1807651119}
  m_LocalRotation: {x: .175917417, y: -.658873618, z: .205409914, w: .701958358}
  m_LocalPosition: {x: 1.98899996, y: 1.68299997, z: -.00400000019}
  m_LocalScale: {x: 1, y: 1, z: 1}
  m_Children: []
  m_Father: {fileID: 0}
  m_RootOrder: 1
--- !u!1 &1898957911
GameObject:
  m_ObjectHideFlags: 0
  m_PrefabParentObject: {fileID: 108284, guid: cdfb0c2e68813734ea360101a4d9d57d, type: 2}
  m_PrefabInternal: {fileID: 1218559185}
  serializedVersion: 4
  m_Component:
  - 4: {fileID: 1898957912}
  - 15: {fileID: 1898957915}
  - 12: {fileID: 1898957914}
  - 26: {fileID: 1898957913}
  m_Layer: 11
  m_Name: Flames_Particles
  m_TagString: Untagged
  m_Icon: {fileID: 0}
  m_NavMeshLayer: 0
  m_StaticEditorFlags: 0
  m_IsActive: 1
--- !u!4 &1898957912
Transform:
  m_ObjectHideFlags: 0
  m_PrefabParentObject: {fileID: 408284, guid: cdfb0c2e68813734ea360101a4d9d57d, type: 2}
  m_PrefabInternal: {fileID: 1218559185}
  m_GameObject: {fileID: 1898957911}
  m_LocalRotation: {x: 0, y: 0, z: 0, w: 1}
  m_LocalPosition: {x: 11.2000008, y: 14.1000004, z: 11.8000002}
  m_LocalScale: {x: 100, y: 100, z: 100}
  m_Children: []
  m_Father: {fileID: 105083886}
  m_RootOrder: 0
--- !u!26 &1898957913
ParticleRenderer:
  m_ObjectHideFlags: 0
  m_PrefabParentObject: {fileID: 2608238, guid: cdfb0c2e68813734ea360101a4d9d57d,
    type: 2}
  m_PrefabInternal: {fileID: 1218559185}
  m_GameObject: {fileID: 1898957911}
  m_Enabled: 1
  m_CastShadows: 0
  m_ReceiveShadows: 0
  m_Materials:
  - {fileID: 2100000, guid: 15a8ff1b7c7f3504ab2154aa7df617ac, type: 2}
  m_SubsetIndices: 
  m_StaticBatchRoot: {fileID: 0}
  m_UseLightProbes: 0
  m_ReflectionProbeUsage: 1
  m_ProbeAnchor: {fileID: 0}
  m_ScaleInLightmap: 1
  m_PreserveUVs: 0
  m_ImportantGI: 0
  m_AutoUVMaxDistance: .5
  m_AutoUVMaxAngle: 89
  m_LightmapParameters: {fileID: 0}
  m_SortingLayerID: 0
  m_SortingOrder: 0
  serializedVersion: 2
  m_CameraVelocityScale: 0
  m_StretchParticles: 0
  m_LengthScale: 2
  m_VelocityScale: 0
  m_MaxParticleSize: 1
  UV Animation:
    x Tile: 1
    y Tile: 1
    cycles: 1
--- !u!12 &1898957914
ParticleAnimator:
  m_ObjectHideFlags: 0
  m_PrefabParentObject: {fileID: 1208238, guid: cdfb0c2e68813734ea360101a4d9d57d,
    type: 2}
  m_PrefabInternal: {fileID: 1218559185}
  m_GameObject: {fileID: 1898957911}
  Does Animate Color?: 1
  colorAnimation[0]:
    serializedVersion: 2
    rgba: 4262
  colorAnimation[1]:
    serializedVersion: 2
    rgba: 1897827327
  colorAnimation[2]:
    serializedVersion: 2
    rgba: 2348820435
  colorAnimation[3]:
    serializedVersion: 2
    rgba: 2550145958
  colorAnimation[4]:
    serializedVersion: 2
    rgba: 725531
  worldRotationAxis: {x: 0, y: 0, z: 0}
  localRotationAxis: {x: 0, y: 0, z: 0}
  sizeGrow: .100000001
  rndForce: {x: 0, y: 0, z: 0}
  force: {x: 0, y: 0, z: 0}
  damping: 1
  stopSimulation: 0
  autodestruct: 0
--- !u!15 &1898957915
EllipsoidParticleEmitter:
  m_ObjectHideFlags: 0
  m_PrefabParentObject: {fileID: 1508238, guid: cdfb0c2e68813734ea360101a4d9d57d,
    type: 2}
  m_PrefabInternal: {fileID: 1218559185}
  m_GameObject: {fileID: 1898957911}
  serializedVersion: 2
  m_Enabled: 1
  m_Emit: 1
  minSize: .699999988
  maxSize: .800000012
  minEnergy: 1
  maxEnergy: 1
  minEmission: 1
  maxEmission: 60
  worldVelocity: {x: 0, y: 0, z: 0}
  localVelocity: {x: 0, y: .800000012, z: 0}
  rndVelocity: {x: .200000003, y: .400000006, z: .200000003}
  emitterVelocityScale: .0500000007
  tangentVelocity: {x: 0, y: 0, z: 0}
  angularVelocity: 65
  rndAngularVelocity: -15
  rndRotation: 1
  Simulate in Worldspace?: 1
  m_OneShot: 0
  m_Ellipsoid: {x: .0649999976, y: .0599999987, z: .0649999976}
  m_MinEmitterRange: 0
--- !u!1 &1907029368
GameObject:
  m_ObjectHideFlags: 0
  m_PrefabParentObject: {fileID: 108286, guid: cdfb0c2e68813734ea360101a4d9d57d, type: 2}
  m_PrefabInternal: {fileID: 1218559185}
  serializedVersion: 4
  m_Component:
  - 4: {fileID: 1907029369}
  - 33: {fileID: 1907029371}
  - 23: {fileID: 1907029370}
  - 114: {fileID: 1907029372}
  m_Layer: 0
  m_Name: Sparks_07
  m_TagString: Untagged
  m_Icon: {fileID: 0}
  m_NavMeshLayer: 0
  m_StaticEditorFlags: 0
  m_IsActive: 1
--- !u!4 &1907029369
Transform:
  m_ObjectHideFlags: 0
  m_PrefabParentObject: {fileID: 408286, guid: cdfb0c2e68813734ea360101a4d9d57d, type: 2}
  m_PrefabInternal: {fileID: 1218559185}
  m_GameObject: {fileID: 1907029368}
  m_LocalRotation: {x: .299653172, y: .917605281, z: .248265252, w: -.0810735002}
  m_LocalPosition: {x: -50.2033348, y: 26.1631527, z: 11.9097195}
  m_LocalScale: {x: .0523154028, y: .0523154028, z: .0523154028}
  m_Children: []
  m_Father: {fileID: 105083886}
  m_RootOrder: 27
--- !u!23 &1907029370
MeshRenderer:
  m_ObjectHideFlags: 0
  m_PrefabParentObject: {fileID: 2308280, guid: cdfb0c2e68813734ea360101a4d9d57d,
    type: 2}
  m_PrefabInternal: {fileID: 1218559185}
  m_GameObject: {fileID: 1907029368}
  m_Enabled: 1
  m_CastShadows: 1
  m_ReceiveShadows: 1
  m_Materials:
  - {fileID: 2100000, guid: e7de411fc05584c4188007e3cecc4406, type: 2}
  m_SubsetIndices: 
  m_StaticBatchRoot: {fileID: 0}
  m_UseLightProbes: 0
  m_ReflectionProbeUsage: 1
  m_ProbeAnchor: {fileID: 0}
  m_ScaleInLightmap: 1
  m_PreserveUVs: 0
  m_ImportantGI: 0
  m_AutoUVMaxDistance: .5
  m_AutoUVMaxAngle: 89
  m_LightmapParameters: {fileID: 0}
  m_SortingLayerID: 0
  m_SortingOrder: 0
--- !u!33 &1907029371
MeshFilter:
  m_ObjectHideFlags: 0
  m_PrefabParentObject: {fileID: 3308280, guid: cdfb0c2e68813734ea360101a4d9d57d,
    type: 2}
  m_PrefabInternal: {fileID: 1218559185}
  m_GameObject: {fileID: 1907029368}
  m_Mesh: {fileID: 4300086, guid: 4f9107ee1fbfa2748bca0c52e53cb086, type: 3}
--- !u!114 &1907029372
MonoBehaviour:
  m_ObjectHideFlags: 0
  m_PrefabParentObject: {fileID: 11408254, guid: cdfb0c2e68813734ea360101a4d9d57d,
    type: 2}
  m_PrefabInternal: {fileID: 1218559185}
  m_GameObject: {fileID: 1907029368}
  m_Enabled: 1
  m_EditorHideFlags: 0
  m_Script: {fileID: 11500000, guid: b1f52eda4d92a3144b056e67fedf326e, type: 3}
  m_Name: 
  m_EditorClassIdentifier: 
  scrollSpeed_X: .300000012
  scrollSpeed_Y: 0
--- !u!1 &1909045531
GameObject:
  m_ObjectHideFlags: 0
  m_PrefabParentObject: {fileID: 108288, guid: cdfb0c2e68813734ea360101a4d9d57d, type: 2}
  m_PrefabInternal: {fileID: 1218559185}
  serializedVersion: 4
  m_Component:
  - 4: {fileID: 1909045532}
  - 33: {fileID: 1909045534}
  - 23: {fileID: 1909045533}
  m_Layer: 0
  m_Name: Logs_02
  m_TagString: Untagged
  m_Icon: {fileID: 0}
  m_NavMeshLayer: 0
  m_StaticEditorFlags: 0
  m_IsActive: 1
--- !u!4 &1909045532
Transform:
  m_ObjectHideFlags: 0
  m_PrefabParentObject: {fileID: 408288, guid: cdfb0c2e68813734ea360101a4d9d57d, type: 2}
  m_PrefabInternal: {fileID: 1218559185}
  m_GameObject: {fileID: 1909045531}
  m_LocalRotation: {x: 0, y: -0, z: -0, w: 1}
  m_LocalPosition: {x: 55.3066597, y: 21.9074078, z: 24.1454144}
  m_LocalScale: {x: 1, y: 1, z: 1}
  m_Children: []
  m_Father: {fileID: 105083886}
  m_RootOrder: 16
--- !u!23 &1909045533
MeshRenderer:
  m_ObjectHideFlags: 0
  m_PrefabParentObject: {fileID: 2308282, guid: cdfb0c2e68813734ea360101a4d9d57d,
    type: 2}
  m_PrefabInternal: {fileID: 1218559185}
  m_GameObject: {fileID: 1909045531}
  m_Enabled: 1
  m_CastShadows: 1
  m_ReceiveShadows: 1
  m_Materials:
  - {fileID: 2100000, guid: b2954053af3d7c344add1c33e4e150bb, type: 2}
  - {fileID: 2100000, guid: 9d883f4cc4225144d83b526f66d1aa3b, type: 2}
  m_SubsetIndices: 
  m_StaticBatchRoot: {fileID: 0}
  m_UseLightProbes: 0
  m_ReflectionProbeUsage: 1
  m_ProbeAnchor: {fileID: 0}
  m_ScaleInLightmap: 1
  m_PreserveUVs: 0
  m_ImportantGI: 0
  m_AutoUVMaxDistance: .5
  m_AutoUVMaxAngle: 89
  m_LightmapParameters: {fileID: 0}
  m_SortingLayerID: 0
  m_SortingOrder: 0
--- !u!33 &1909045534
MeshFilter:
  m_ObjectHideFlags: 0
  m_PrefabParentObject: {fileID: 3308282, guid: cdfb0c2e68813734ea360101a4d9d57d,
    type: 2}
  m_PrefabInternal: {fileID: 1218559185}
  m_GameObject: {fileID: 1909045531}
  m_Mesh: {fileID: 4300004, guid: 4f9107ee1fbfa2748bca0c52e53cb086, type: 3}
--- !u!1001 &1920431721
Prefab:
  m_ObjectHideFlags: 0
  serializedVersion: 2
  m_Modification:
    m_TransformParent: {fileID: 0}
    m_Modifications:
    - target: {fileID: 400000, guid: 29b18de00a72e6546a7ed7de0e528c75, type: 3}
      propertyPath: m_LocalPosition.x
      value: 0
      objectReference: {fileID: 0}
    - target: {fileID: 400000, guid: 29b18de00a72e6546a7ed7de0e528c75, type: 3}
      propertyPath: m_LocalPosition.y
      value: -.00200000009
      objectReference: {fileID: 0}
    - target: {fileID: 400000, guid: 29b18de00a72e6546a7ed7de0e528c75, type: 3}
      propertyPath: m_LocalPosition.z
      value: 0
      objectReference: {fileID: 0}
    - target: {fileID: 400000, guid: 29b18de00a72e6546a7ed7de0e528c75, type: 3}
      propertyPath: m_LocalRotation.x
      value: 0
      objectReference: {fileID: 0}
    - target: {fileID: 400000, guid: 29b18de00a72e6546a7ed7de0e528c75, type: 3}
      propertyPath: m_LocalRotation.y
      value: -0
      objectReference: {fileID: 0}
    - target: {fileID: 400000, guid: 29b18de00a72e6546a7ed7de0e528c75, type: 3}
      propertyPath: m_LocalRotation.z
      value: -0
      objectReference: {fileID: 0}
    - target: {fileID: 400000, guid: 29b18de00a72e6546a7ed7de0e528c75, type: 3}
      propertyPath: m_LocalRotation.w
      value: 1
      objectReference: {fileID: 0}
    - target: {fileID: 400000, guid: 29b18de00a72e6546a7ed7de0e528c75, type: 3}
      propertyPath: m_RootOrder
      value: 3
      objectReference: {fileID: 0}
    m_RemovedComponents: []
  m_ParentPrefab: {fileID: 100100000, guid: 29b18de00a72e6546a7ed7de0e528c75, type: 3}
  m_RootGameObject: {fileID: 2112016354}
  m_IsPrefabParent: 0
--- !u!1 &1925535132
GameObject:
  m_ObjectHideFlags: 0
  m_PrefabParentObject: {fileID: 108290, guid: cdfb0c2e68813734ea360101a4d9d57d, type: 2}
  m_PrefabInternal: {fileID: 1218559185}
  serializedVersion: 4
  m_Component:
  - 4: {fileID: 1925535133}
  - 33: {fileID: 1925535135}
  - 23: {fileID: 1925535134}
  - 114: {fileID: 1925535136}
  m_Layer: 0
  m_Name: Sparks_09
  m_TagString: Untagged
  m_Icon: {fileID: 0}
  m_NavMeshLayer: 0
  m_StaticEditorFlags: 0
  m_IsActive: 1
--- !u!4 &1925535133
Transform:
  m_ObjectHideFlags: 0
  m_PrefabParentObject: {fileID: 408290, guid: cdfb0c2e68813734ea360101a4d9d57d, type: 2}
  m_PrefabInternal: {fileID: 1218559185}
  m_GameObject: {fileID: 1925535132}
  m_LocalRotation: {x: .781937659, y: .619365454, z: -.0582368523, w: -.0396030582}
  m_LocalPosition: {x: 26.6132679, y: 26.1631527, z: 11.9097195}
  m_LocalScale: {x: .0523154028, y: .0523153991, z: .0523154065}
  m_Children: []
  m_Father: {fileID: 105083886}
  m_RootOrder: 29
--- !u!23 &1925535134
MeshRenderer:
  m_ObjectHideFlags: 0
  m_PrefabParentObject: {fileID: 2308284, guid: cdfb0c2e68813734ea360101a4d9d57d,
    type: 2}
  m_PrefabInternal: {fileID: 1218559185}
  m_GameObject: {fileID: 1925535132}
  m_Enabled: 1
  m_CastShadows: 1
  m_ReceiveShadows: 1
  m_Materials:
  - {fileID: 2100000, guid: e7de411fc05584c4188007e3cecc4406, type: 2}
  m_SubsetIndices: 
  m_StaticBatchRoot: {fileID: 0}
  m_UseLightProbes: 0
  m_ReflectionProbeUsage: 1
  m_ProbeAnchor: {fileID: 0}
  m_ScaleInLightmap: 1
  m_PreserveUVs: 0
  m_ImportantGI: 0
  m_AutoUVMaxDistance: .5
  m_AutoUVMaxAngle: 89
  m_LightmapParameters: {fileID: 0}
  m_SortingLayerID: 0
  m_SortingOrder: 0
--- !u!33 &1925535135
MeshFilter:
  m_ObjectHideFlags: 0
  m_PrefabParentObject: {fileID: 3308284, guid: cdfb0c2e68813734ea360101a4d9d57d,
    type: 2}
  m_PrefabInternal: {fileID: 1218559185}
  m_GameObject: {fileID: 1925535132}
  m_Mesh: {fileID: 4300090, guid: 4f9107ee1fbfa2748bca0c52e53cb086, type: 3}
--- !u!114 &1925535136
MonoBehaviour:
  m_ObjectHideFlags: 0
  m_PrefabParentObject: {fileID: 11408256, guid: cdfb0c2e68813734ea360101a4d9d57d,
    type: 2}
  m_PrefabInternal: {fileID: 1218559185}
  m_GameObject: {fileID: 1925535132}
  m_Enabled: 1
  m_EditorHideFlags: 0
  m_Script: {fileID: 11500000, guid: b1f52eda4d92a3144b056e67fedf326e, type: 3}
  m_Name: 
  m_EditorClassIdentifier: 
  scrollSpeed_X: .300000012
  scrollSpeed_Y: 0
--- !u!1 &1976128315
GameObject:
  m_ObjectHideFlags: 0
  m_PrefabParentObject: {fileID: 108292, guid: cdfb0c2e68813734ea360101a4d9d57d, type: 2}
  m_PrefabInternal: {fileID: 1218559185}
  serializedVersion: 4
  m_Component:
  - 4: {fileID: 1976128316}
  - 33: {fileID: 1976128318}
  - 23: {fileID: 1976128317}
  - 114: {fileID: 1976128319}
  m_Layer: 0
  m_Name: Sparks_08
  m_TagString: Untagged
  m_Icon: {fileID: 0}
  m_NavMeshLayer: 0
  m_StaticEditorFlags: 0
  m_IsActive: 1
--- !u!4 &1976128316
Transform:
  m_ObjectHideFlags: 0
  m_PrefabParentObject: {fileID: 408292, guid: cdfb0c2e68813734ea360101a4d9d57d, type: 2}
  m_PrefabInternal: {fileID: 1218559185}
  m_GameObject: {fileID: 1976128315}
  m_LocalRotation: {x: .781937659, y: .619365454, z: -.0582368523, w: -.0396030582}
  m_LocalPosition: {x: 26.6132679, y: 26.1631527, z: 11.9097195}
  m_LocalScale: {x: .0523154028, y: .0523153991, z: .0523154065}
  m_Children: []
  m_Father: {fileID: 105083886}
  m_RootOrder: 28
--- !u!23 &1976128317
MeshRenderer:
  m_ObjectHideFlags: 0
  m_PrefabParentObject: {fileID: 2308286, guid: cdfb0c2e68813734ea360101a4d9d57d,
    type: 2}
  m_PrefabInternal: {fileID: 1218559185}
  m_GameObject: {fileID: 1976128315}
  m_Enabled: 1
  m_CastShadows: 1
  m_ReceiveShadows: 1
  m_Materials:
  - {fileID: 2100000, guid: e7de411fc05584c4188007e3cecc4406, type: 2}
  m_SubsetIndices: 
  m_StaticBatchRoot: {fileID: 0}
  m_UseLightProbes: 0
  m_ReflectionProbeUsage: 1
  m_ProbeAnchor: {fileID: 0}
  m_ScaleInLightmap: 1
  m_PreserveUVs: 0
  m_ImportantGI: 0
  m_AutoUVMaxDistance: .5
  m_AutoUVMaxAngle: 89
  m_LightmapParameters: {fileID: 0}
  m_SortingLayerID: 0
  m_SortingOrder: 0
--- !u!33 &1976128318
MeshFilter:
  m_ObjectHideFlags: 0
  m_PrefabParentObject: {fileID: 3308286, guid: cdfb0c2e68813734ea360101a4d9d57d,
    type: 2}
  m_PrefabInternal: {fileID: 1218559185}
  m_GameObject: {fileID: 1976128315}
  m_Mesh: {fileID: 4300088, guid: 4f9107ee1fbfa2748bca0c52e53cb086, type: 3}
--- !u!114 &1976128319
MonoBehaviour:
  m_ObjectHideFlags: 0
  m_PrefabParentObject: {fileID: 11408258, guid: cdfb0c2e68813734ea360101a4d9d57d,
    type: 2}
  m_PrefabInternal: {fileID: 1218559185}
  m_GameObject: {fileID: 1976128315}
  m_Enabled: 1
  m_EditorHideFlags: 0
  m_Script: {fileID: 11500000, guid: b1f52eda4d92a3144b056e67fedf326e, type: 3}
  m_Name: 
  m_EditorClassIdentifier: 
  scrollSpeed_X: .300000012
  scrollSpeed_Y: 0
--- !u!1 &2030410062
GameObject:
  m_ObjectHideFlags: 0
  m_PrefabParentObject: {fileID: 108294, guid: cdfb0c2e68813734ea360101a4d9d57d, type: 2}
  m_PrefabInternal: {fileID: 1218559185}
  serializedVersion: 4
  m_Component:
  - 4: {fileID: 2030410063}
  - 33: {fileID: 2030410065}
  - 23: {fileID: 2030410064}
  m_Layer: 0
  m_Name: Logs_04
  m_TagString: Untagged
  m_Icon: {fileID: 0}
  m_NavMeshLayer: 0
  m_StaticEditorFlags: 0
  m_IsActive: 1
--- !u!4 &2030410063
Transform:
  m_ObjectHideFlags: 0
  m_PrefabParentObject: {fileID: 408294, guid: cdfb0c2e68813734ea360101a4d9d57d, type: 2}
  m_PrefabInternal: {fileID: 1218559185}
  m_GameObject: {fileID: 2030410062}
  m_LocalRotation: {x: 0, y: -0, z: -0, w: 1}
  m_LocalPosition: {x: -55.7117729, y: 18.0729408, z: -4.36358261}
  m_LocalScale: {x: 1, y: 1, z: 1}
  m_Children: []
  m_Father: {fileID: 105083886}
  m_RootOrder: 18
--- !u!23 &2030410064
MeshRenderer:
  m_ObjectHideFlags: 0
  m_PrefabParentObject: {fileID: 2308288, guid: cdfb0c2e68813734ea360101a4d9d57d,
    type: 2}
  m_PrefabInternal: {fileID: 1218559185}
  m_GameObject: {fileID: 2030410062}
  m_Enabled: 1
  m_CastShadows: 1
  m_ReceiveShadows: 1
  m_Materials:
  - {fileID: 2100000, guid: b2954053af3d7c344add1c33e4e150bb, type: 2}
  - {fileID: 2100000, guid: 9d883f4cc4225144d83b526f66d1aa3b, type: 2}
  m_SubsetIndices: 
  m_StaticBatchRoot: {fileID: 0}
  m_UseLightProbes: 0
  m_ReflectionProbeUsage: 1
  m_ProbeAnchor: {fileID: 0}
  m_ScaleInLightmap: 1
  m_PreserveUVs: 0
  m_ImportantGI: 0
  m_AutoUVMaxDistance: .5
  m_AutoUVMaxAngle: 89
  m_LightmapParameters: {fileID: 0}
  m_SortingLayerID: 0
  m_SortingOrder: 0
--- !u!33 &2030410065
MeshFilter:
  m_ObjectHideFlags: 0
  m_PrefabParentObject: {fileID: 3308288, guid: cdfb0c2e68813734ea360101a4d9d57d,
    type: 2}
  m_PrefabInternal: {fileID: 1218559185}
  m_GameObject: {fileID: 2030410062}
  m_Mesh: {fileID: 4300008, guid: 4f9107ee1fbfa2748bca0c52e53cb086, type: 3}
--- !u!1 &2052921564
GameObject:
  m_ObjectHideFlags: 0
  m_PrefabParentObject: {fileID: 108296, guid: cdfb0c2e68813734ea360101a4d9d57d, type: 2}
  m_PrefabInternal: {fileID: 1218559185}
  serializedVersion: 4
  m_Component:
  - 4: {fileID: 2052921565}
  - 33: {fileID: 2052921567}
  - 23: {fileID: 2052921566}
  m_Layer: 0
  m_Name: End_02
  m_TagString: Untagged
  m_Icon: {fileID: 0}
  m_NavMeshLayer: 0
  m_StaticEditorFlags: 0
  m_IsActive: 1
--- !u!4 &2052921565
Transform:
  m_ObjectHideFlags: 0
  m_PrefabParentObject: {fileID: 408296, guid: cdfb0c2e68813734ea360101a4d9d57d, type: 2}
  m_PrefabInternal: {fileID: 1218559185}
  m_GameObject: {fileID: 2052921564}
  m_LocalRotation: {x: 0, y: -0, z: -0, w: 1}
  m_LocalPosition: {x: -55.7117729, y: 18.0729408, z: -4.36358261}
  m_LocalScale: {x: 1, y: 1, z: 1}
  m_Children: []
  m_Father: {fileID: 105083886}
  m_RootOrder: 5
--- !u!23 &2052921566
MeshRenderer:
  m_ObjectHideFlags: 0
  m_PrefabParentObject: {fileID: 2308290, guid: cdfb0c2e68813734ea360101a4d9d57d,
    type: 2}
  m_PrefabInternal: {fileID: 1218559185}
  m_GameObject: {fileID: 2052921564}
  m_Enabled: 1
  m_CastShadows: 1
  m_ReceiveShadows: 1
  m_Materials:
  - {fileID: 2100000, guid: 2a4e60c0d349b554b8c58b5c68d71ef5, type: 2}
  m_SubsetIndices: 
  m_StaticBatchRoot: {fileID: 0}
  m_UseLightProbes: 0
  m_ReflectionProbeUsage: 1
  m_ProbeAnchor: {fileID: 0}
  m_ScaleInLightmap: 1
  m_PreserveUVs: 0
  m_ImportantGI: 0
  m_AutoUVMaxDistance: .5
  m_AutoUVMaxAngle: 89
  m_LightmapParameters: {fileID: 0}
  m_SortingLayerID: 0
  m_SortingOrder: 0
--- !u!33 &2052921567
MeshFilter:
  m_ObjectHideFlags: 0
  m_PrefabParentObject: {fileID: 3308290, guid: cdfb0c2e68813734ea360101a4d9d57d,
    type: 2}
  m_PrefabInternal: {fileID: 1218559185}
  m_GameObject: {fileID: 2052921564}
  m_Mesh: {fileID: 4300016, guid: 4f9107ee1fbfa2748bca0c52e53cb086, type: 3}
--- !u!1 &2088064498
GameObject:
  m_ObjectHideFlags: 0
  m_PrefabParentObject: {fileID: 108298, guid: cdfb0c2e68813734ea360101a4d9d57d, type: 2}
  m_PrefabInternal: {fileID: 1218559185}
  serializedVersion: 4
  m_Component:
  - 4: {fileID: 2088064499}
  - 33: {fileID: 2088064501}
  - 23: {fileID: 2088064500}
  m_Layer: 0
  m_Name: End_081
  m_TagString: Untagged
  m_Icon: {fileID: 0}
  m_NavMeshLayer: 0
  m_StaticEditorFlags: 0
  m_IsActive: 1
--- !u!4 &2088064499
Transform:
  m_ObjectHideFlags: 0
  m_PrefabParentObject: {fileID: 408298, guid: cdfb0c2e68813734ea360101a4d9d57d, type: 2}
  m_PrefabInternal: {fileID: 1218559185}
  m_GameObject: {fileID: 2088064498}
  m_LocalRotation: {x: 0, y: -0, z: -0, w: 1}
  m_LocalPosition: {x: -4.36807156, y: 22.0484962, z: -22.3994446}
  m_LocalScale: {x: 1, y: 1, z: 1}
  m_Children: []
  m_Father: {fileID: 105083886}
  m_RootOrder: 14
--- !u!23 &2088064500
MeshRenderer:
  m_ObjectHideFlags: 0
  m_PrefabParentObject: {fileID: 2308292, guid: cdfb0c2e68813734ea360101a4d9d57d,
    type: 2}
  m_PrefabInternal: {fileID: 1218559185}
  m_GameObject: {fileID: 2088064498}
  m_Enabled: 1
  m_CastShadows: 1
  m_ReceiveShadows: 1
  m_Materials:
  - {fileID: 2100000, guid: bb99ed564100d344a82f8b9b6b632bd1, type: 2}
  m_SubsetIndices: 
  m_StaticBatchRoot: {fileID: 0}
  m_UseLightProbes: 0
  m_ReflectionProbeUsage: 1
  m_ProbeAnchor: {fileID: 0}
  m_ScaleInLightmap: 1
  m_PreserveUVs: 0
  m_ImportantGI: 0
  m_AutoUVMaxDistance: .5
  m_AutoUVMaxAngle: 89
  m_LightmapParameters: {fileID: 0}
  m_SortingLayerID: 0
  m_SortingOrder: 0
--- !u!33 &2088064501
MeshFilter:
  m_ObjectHideFlags: 0
  m_PrefabParentObject: {fileID: 3308292, guid: cdfb0c2e68813734ea360101a4d9d57d,
    type: 2}
  m_PrefabInternal: {fileID: 1218559185}
  m_GameObject: {fileID: 2088064498}
  m_Mesh: {fileID: 4300034, guid: 4f9107ee1fbfa2748bca0c52e53cb086, type: 3}
--- !u!1 &2112016354
GameObject:
  m_ObjectHideFlags: 0
  m_PrefabParentObject: {fileID: 100000, guid: 29b18de00a72e6546a7ed7de0e528c75, type: 3}
  m_PrefabInternal: {fileID: 1920431721}
  serializedVersion: 4
  m_Component:
  - 4: {fileID: 2112016359}
  - 33: {fileID: 2112016358}
  - 23: {fileID: 2112016357}
  - 95: {fileID: 2112016356}
  - 64: {fileID: 2112016355}
  m_Layer: 0
  m_Name: Ground
  m_TagString: Untagged
  m_Icon: {fileID: 0}
  m_NavMeshLayer: 0
  m_StaticEditorFlags: 0
  m_IsActive: 1
--- !u!64 &2112016355
MeshCollider:
  m_ObjectHideFlags: 0
  m_PrefabParentObject: {fileID: 0}
  m_PrefabInternal: {fileID: 0}
  m_GameObject: {fileID: 2112016354}
  m_Material: {fileID: 0}
  m_IsTrigger: 0
  m_Enabled: 1
  serializedVersion: 2
  m_Convex: 0
  m_Mesh: {fileID: 4300000, guid: 29b18de00a72e6546a7ed7de0e528c75, type: 3}
--- !u!95 &2112016356
Animator:
  serializedVersion: 3
  m_ObjectHideFlags: 0
  m_PrefabParentObject: {fileID: 9500000, guid: 29b18de00a72e6546a7ed7de0e528c75,
    type: 3}
  m_PrefabInternal: {fileID: 1920431721}
  m_GameObject: {fileID: 2112016354}
  m_Enabled: 1
  m_Avatar: {fileID: 9000000, guid: 29b18de00a72e6546a7ed7de0e528c75, type: 3}
  m_Controller: {fileID: 0}
  m_CullingMode: 0
  m_UpdateMode: 0
  m_ApplyRootMotion: 0
  m_LinearVelocityBlending: 0
  m_WarningMessage: 
  m_HasTransformHierarchy: 1
  m_AllowConstantClipSamplingOptimization: 1
--- !u!23 &2112016357
MeshRenderer:
  m_ObjectHideFlags: 0
  m_PrefabParentObject: {fileID: 2300000, guid: 29b18de00a72e6546a7ed7de0e528c75,
    type: 3}
  m_PrefabInternal: {fileID: 1920431721}
  m_GameObject: {fileID: 2112016354}
  m_Enabled: 1
  m_CastShadows: 1
  m_ReceiveShadows: 1
  m_Materials:
  - {fileID: 2100000, guid: f55310e8cc956cc49afa9d5bde47ef3f, type: 2}
  m_SubsetIndices: 
  m_StaticBatchRoot: {fileID: 0}
  m_UseLightProbes: 1
  m_ReflectionProbeUsage: 1
  m_ProbeAnchor: {fileID: 0}
  m_ScaleInLightmap: 1
  m_PreserveUVs: 0
  m_ImportantGI: 0
  m_AutoUVMaxDistance: .5
  m_AutoUVMaxAngle: 89
  m_LightmapParameters: {fileID: 0}
  m_SortingLayerID: 0
  m_SortingOrder: 0
--- !u!33 &2112016358
MeshFilter:
  m_ObjectHideFlags: 0
  m_PrefabParentObject: {fileID: 3300000, guid: 29b18de00a72e6546a7ed7de0e528c75,
    type: 3}
  m_PrefabInternal: {fileID: 1920431721}
  m_GameObject: {fileID: 2112016354}
  m_Mesh: {fileID: 4300000, guid: 29b18de00a72e6546a7ed7de0e528c75, type: 3}
--- !u!4 &2112016359
Transform:
  m_ObjectHideFlags: 0
  m_PrefabParentObject: {fileID: 400000, guid: 29b18de00a72e6546a7ed7de0e528c75, type: 3}
  m_PrefabInternal: {fileID: 1920431721}
  m_GameObject: {fileID: 2112016354}
  m_LocalRotation: {x: 0, y: -0, z: -0, w: 1}
  m_LocalPosition: {x: 0, y: -.00200000009, z: 0}
  m_LocalScale: {x: .00999999978, y: .00999999978, z: .00999999978}
  m_Children: []
  m_Father: {fileID: 0}
  m_RootOrder: 3
--- !u!1 &2120046384
GameObject:
  m_ObjectHideFlags: 0
  m_PrefabParentObject: {fileID: 108300, guid: cdfb0c2e68813734ea360101a4d9d57d, type: 2}
  m_PrefabInternal: {fileID: 1218559185}
  serializedVersion: 4
  m_Component:
  - 4: {fileID: 2120046386}
  - 108: {fileID: 2120046385}
  - 114: {fileID: 2120046387}
  m_Layer: 0
  m_Name: Flickering_Light
  m_TagString: Untagged
  m_Icon: {fileID: 0}
  m_NavMeshLayer: 0
  m_StaticEditorFlags: 0
  m_IsActive: 1
--- !u!108 &2120046385
Light:
  m_ObjectHideFlags: 0
  m_PrefabParentObject: {fileID: 10808236, guid: cdfb0c2e68813734ea360101a4d9d57d,
    type: 2}
  m_PrefabInternal: {fileID: 1218559185}
  m_GameObject: {fileID: 2120046384}
  m_Enabled: 1
  serializedVersion: 6
  m_Type: 2
  m_Color: {r: .970588207, g: .58156538, b: .228373677, a: 1}
  m_Intensity: .920000017
  m_Range: 10
  m_SpotAngle: 30
  m_CookieSize: 10
  m_Shadows:
    m_Type: 2
    m_Resolution: -1
    m_Strength: .261000007
    m_Bias: .0500000007
    m_NormalBias: .400000006
  m_Cookie: {fileID: 0}
  m_DrawHalo: 0
  m_Flare: {fileID: 0}
  m_RenderMode: 0
  m_CullingMask:
    serializedVersion: 2
    m_Bits: 4294967295
  m_Lightmapping: 1
  m_BounceIntensity: 1
  m_ShadowRadius: 0
  m_ShadowAngle: 0
  m_AreaSize: {x: 1, y: 1}
--- !u!4 &2120046386
Transform:
  m_ObjectHideFlags: 0
  m_PrefabParentObject: {fileID: 408300, guid: cdfb0c2e68813734ea360101a4d9d57d, type: 2}
  m_PrefabInternal: {fileID: 1218559185}
  m_GameObject: {fileID: 2120046384}
  m_LocalRotation: {x: 0, y: 0, z: 0, w: 1}
  m_LocalPosition: {x: -8.80000019, y: 58.8999977, z: 1.10000002}
  m_LocalScale: {x: 100, y: 100, z: 100}
  m_Children: []
  m_Father: {fileID: 105083886}
  m_RootOrder: 2
--- !u!114 &2120046387
MonoBehaviour:
  m_ObjectHideFlags: 0
  m_PrefabParentObject: {fileID: 11408260, guid: cdfb0c2e68813734ea360101a4d9d57d,
    type: 2}
  m_PrefabInternal: {fileID: 1218559185}
  m_GameObject: {fileID: 2120046384}
  m_Enabled: 1
  m_EditorHideFlags: 0
  m_Script: {fileID: 11500000, guid: 44d06da7a82b2714e9ec1615c77db596, type: 3}
  m_Name: 
  m_EditorClassIdentifier: 
  firelight: {fileID: 2120046385}
--- !u!1 &2133712687
GameObject:
  m_ObjectHideFlags: 0
  m_PrefabParentObject: {fileID: 108302, guid: cdfb0c2e68813734ea360101a4d9d57d, type: 2}
  m_PrefabInternal: {fileID: 1218559185}
  serializedVersion: 4
  m_Component:
  - 4: {fileID: 2133712688}
  - 33: {fileID: 2133712690}
  - 23: {fileID: 2133712689}
  m_Layer: 0
  m_Name: Logs_05
  m_TagString: Untagged
  m_Icon: {fileID: 0}
  m_NavMeshLayer: 0
  m_StaticEditorFlags: 0
  m_IsActive: 1
--- !u!4 &2133712688
Transform:
  m_ObjectHideFlags: 0
  m_PrefabParentObject: {fileID: 408302, guid: cdfb0c2e68813734ea360101a4d9d57d, type: 2}
  m_PrefabInternal: {fileID: 1218559185}
  m_GameObject: {fileID: 2133712687}
  m_LocalRotation: {x: 0, y: -0, z: -0, w: 1}
  m_LocalPosition: {x: -43.2155037, y: 17.7504616, z: -43.1185074}
  m_LocalScale: {x: 1, y: 1, z: 1}
  m_Children: []
  m_Father: {fileID: 105083886}
  m_RootOrder: 19
--- !u!23 &2133712689
MeshRenderer:
  m_ObjectHideFlags: 0
  m_PrefabParentObject: {fileID: 2308294, guid: cdfb0c2e68813734ea360101a4d9d57d,
    type: 2}
  m_PrefabInternal: {fileID: 1218559185}
  m_GameObject: {fileID: 2133712687}
  m_Enabled: 1
  m_CastShadows: 1
  m_ReceiveShadows: 1
  m_Materials:
  - {fileID: 2100000, guid: b2954053af3d7c344add1c33e4e150bb, type: 2}
  - {fileID: 2100000, guid: 9d883f4cc4225144d83b526f66d1aa3b, type: 2}
  m_SubsetIndices: 
  m_StaticBatchRoot: {fileID: 0}
  m_UseLightProbes: 0
  m_ReflectionProbeUsage: 1
  m_ProbeAnchor: {fileID: 0}
  m_ScaleInLightmap: 1
  m_PreserveUVs: 0
  m_ImportantGI: 0
  m_AutoUVMaxDistance: .5
  m_AutoUVMaxAngle: 89
  m_LightmapParameters: {fileID: 0}
  m_SortingLayerID: 0
  m_SortingOrder: 0
--- !u!33 &2133712690
MeshFilter:
  m_ObjectHideFlags: 0
  m_PrefabParentObject: {fileID: 3308294, guid: cdfb0c2e68813734ea360101a4d9d57d,
    type: 2}
  m_PrefabInternal: {fileID: 1218559185}
  m_GameObject: {fileID: 2133712687}
  m_Mesh: {fileID: 4300010, guid: 4f9107ee1fbfa2748bca0c52e53cb086, type: 3}
